
<marc:record><marc:leader>00807cam a22001813  4500</marc:leader>
<marc:controlfield tag="001">000000027</marc:controlfield>
<marc:controlfield tag="003">Uk</marc:controlfield><marc:controlfield tag="005">20130508174800.0</marc:controlfield><marc:controlfield tag="008">870813|1859||||enk    ||    |||| |||||  </marc:controlfield><marc:datafield tag="040" ind1=" " ind2=" "><marc:subfield code="a">Uk</marc:subfield><marc:subfield code="c">Uk</marc:subfield></marc:datafield><marc:datafield tag="245" ind1="1" ind2="0"><marc:subfield code="a">Early Years of His Royal Highness Albert Edward, Prince of Wales. By A.</marc:subfield></marc:datafield><marc:datafield tag="260" ind1=" " ind2=" "><marc:subfield code="a">London :</marc:subfield><marc:subfield code="b">Ward &amp; Lock,</marc:subfield><marc:subfield code="c">1859.</marc:subfield></marc:datafield><marc:datafield tag="300" ind1=" " ind2=" "><marc:subfield code="a">viii, 88 p. ;</marc:subfield><marc:subfield code="c">8º.</marc:subfield></marc:datafield><marc:datafield tag="700" ind1="0" ind2=" "><marc:subfield code="a">Edward</marc:subfield><marc:subfield code="b">VII,</marc:subfield><marc:subfield code="c">King of Great Britain,</marc:subfield><marc:subfield code="d">1841-1910</marc:subfield><marc:subfield code="t">Biography. General</marc:subfield></marc:datafield><marc:datafield tag="720" ind1=" " ind2=" "><marc:subfield code="a">A.</marc:subfield><marc:subfield code="e">main entry</marc:subfield></marc:datafield><marc:datafield tag="775" ind1="0" ind2=" "><marc:subfield code="t">[Early Years of His Royal Highness Albert Edward, Prince of Wales. By A.]</marc:subfield><marc:subfield code="d">pp. vi. 225. Whittaker &amp; Co.; Ward &amp; Lock: London, [1863.] 8º.</marc:subfield><marc:subfield code="w">(Uk)MP1.0000000030.1</marc:subfield></marc:datafield><marc:datafield tag="852" ind1="4" ind2="1"><marc:subfield code="a">British Library</marc:subfield><marc:subfield code="b">HMNTS</marc:subfield><marc:subfield code="j">10805.b.10.</marc:subfield></marc:datafield><marc:datafield tag="886" ind1="2" ind2=" "><marc:subfield code="2">blmarc</marc:subfield><marc:subfield code="a">709</marc:subfield><marc:subfield code="b">00</marc:subfield><marc:subfield code="a">EDWARD VII., King of Great Britain and Ireland</marc:subfield><marc:subfield code="t">Biography</marc:subfield><marc:subfield code="t">General</marc:subfield><marc:subfield code="p">10805.b.10.</marc:subfield><marc:subfield code="x">0920810004</marc:subfield></marc:datafield></marc:record>