
<marc:record><marc:leader>00903cam a22001693  4500</marc:leader>
<marc:controlfield tag="001">000000036</marc:controlfield>
<marc:controlfield tag="003">Uk</marc:controlfield><marc:controlfield tag="005">20111222151700.0</marc:controlfield><marc:controlfield tag="008">870813|1842|||||||    ||    |||| |||||  </marc:controlfield><marc:datafield tag="040" ind1=" " ind2=" "><marc:subfield code="a">Uk</marc:subfield><marc:subfield code="c">Uk</marc:subfield></marc:datafield><marc:datafield tag="245" ind1="1" ind2="0"><marc:subfield code="a">Begin: Géographie prototype de la France, par Denaix. [A critical notice signed: A.] (Extrait du Spectateur Militaire.).</marc:subfield></marc:datafield><marc:datafield tag="260" ind1=" " ind2=" "><marc:subfield code="a">[Paris,</marc:subfield><marc:subfield code="c">1842]</marc:subfield></marc:datafield><marc:datafield tag="300" ind1=" " ind2=" "><marc:subfield code="a">5 p. ;</marc:subfield><marc:subfield code="c">8º.</marc:subfield></marc:datafield><marc:datafield tag="700" ind1="1" ind2=" "><marc:subfield code="a">DENAIX, Maxime Auguste.</marc:subfield><marc:subfield code="t">Géographie prototype de la France, contenant des éléments d'analyse naturelle applicables à tous les états. Ouvrage accompagné d'une carte coloriée.</marc:subfield></marc:datafield><marc:datafield tag="720" ind1=" " ind2=" "><marc:subfield code="a">A.</marc:subfield><marc:subfield code="e">main entry</marc:subfield></marc:datafield><marc:datafield tag="852" ind1="4" ind2="1"><marc:subfield code="a">British Library</marc:subfield><marc:subfield code="b">HMNTS</marc:subfield><marc:subfield code="j">1398.g.2.(6.)</marc:subfield></marc:datafield><marc:datafield tag="886" ind1="2" ind2=" "><marc:subfield code="2">blmarc</marc:subfield><marc:subfield code="a">709</marc:subfield><marc:subfield code="b">00</marc:subfield><marc:subfield code="a">DENAIX</marc:subfield><marc:subfield code="h">Maxime Auguste</marc:subfield><marc:subfield code="t">Géographie prototype de la France, contenant des éléments d'analyse naturelle applicables à tous les états. Ouvrage accompagné d'une carte coloriée.</marc:subfield><marc:subfield code="p">1398.g.2.(6.)</marc:subfield><marc:subfield code="x">0802630146</marc:subfield></marc:datafield></marc:record>