
<marc:record><marc:leader>00704cam a22001693  4500</marc:leader>
<marc:controlfield tag="001">000000040</marc:controlfield>
<marc:controlfield tag="003">Uk</marc:controlfield><marc:controlfield tag="005">20110119131900.0</marc:controlfield><marc:controlfield tag="008">870813|1820|||||||    ||    |||| |||||  </marc:controlfield><marc:datafield tag="040" ind1=" " ind2=" "><marc:subfield code="a">Uk</marc:subfield><marc:subfield code="c">Uk</marc:subfield></marc:datafield><marc:datafield tag="245" ind1="1" ind2="0"><marc:subfield code="a">Herir por los mismos filos. [Signed: A., being a defence of a pamphlet entitled “El Amante de la Constitucion,” signed: A. R.]</marc:subfield></marc:datafield><marc:datafield tag="260" ind1=" " ind2=" "><marc:subfield code="a">Méjico,</marc:subfield><marc:subfield code="c">1820.</marc:subfield></marc:datafield><marc:datafield tag="300" ind1=" " ind2=" "><marc:subfield code="c">4º.</marc:subfield></marc:datafield><marc:datafield tag="700" ind1="1" ind2=" "><marc:subfield code="a">R., A.</marc:subfield><marc:subfield code="t">El Amante de la Constitucion [i.e. the Spanish Constitution. Signed, A. R.].</marc:subfield></marc:datafield><marc:datafield tag="720" ind1=" " ind2=" "><marc:subfield code="a">A.</marc:subfield><marc:subfield code="e">main entry</marc:subfield></marc:datafield><marc:datafield tag="852" ind1="4" ind2="1"><marc:subfield code="a">British Library</marc:subfield><marc:subfield code="b">HMNTS</marc:subfield><marc:subfield code="j">9770.bb.1.(23.)</marc:subfield></marc:datafield><marc:datafield tag="886" ind1="2" ind2=" "><marc:subfield code="2">blmarc</marc:subfield><marc:subfield code="a">709</marc:subfield><marc:subfield code="b">00</marc:subfield><marc:subfield code="a">R.</marc:subfield><marc:subfield code="h">A.</marc:subfield><marc:subfield code="t">El Amante de la Constitucion [i.e. the Spanish Constitution. Signed, A. R.].</marc:subfield><marc:subfield code="p">9770.bb.1.(23.)</marc:subfield><marc:subfield code="x">2684040028</marc:subfield></marc:datafield></marc:record>