
<marc:record><marc:leader>00682cam a22001693  4500</marc:leader>
<marc:controlfield tag="001">000000043</marc:controlfield>
<marc:controlfield tag="003">Uk</marc:controlfield><marc:controlfield tag="005">20110311165800.0</marc:controlfield><marc:controlfield tag="008">010214|1837|||||||    ||    |||| |||||  </marc:controlfield><marc:datafield tag="040" ind1=" " ind2=" "><marc:subfield code="a">Uk</marc:subfield><marc:subfield code="c">Uk</marc:subfield></marc:datafield><marc:datafield tag="245" ind1="1" ind2="0"><marc:subfield code="a">[Histoire de Napoléon, depuis sa naissance jusqu'à sa mort. Par A.*** [L. Ardant.]]</marc:subfield></marc:datafield><marc:datafield tag="250" ind1=" " ind2=" "><marc:subfield code="a">Neuvième édition, augmentée d'une notice historique sur le Duc de Reischstadt [sic].</marc:subfield></marc:datafield><marc:datafield tag="260" ind1=" " ind2=" "><marc:subfield code="a">Paris,</marc:subfield><marc:subfield code="c">1837.</marc:subfield></marc:datafield><marc:datafield tag="300" ind1=" " ind2=" "><marc:subfield code="a">436 p. ;</marc:subfield><marc:subfield code="c">12º.</marc:subfield></marc:datafield><marc:datafield tag="720" ind1=" " ind2=" "><marc:subfield code="a">A.***</marc:subfield><marc:subfield code="e">main entry</marc:subfield></marc:datafield><marc:datafield tag="787" ind1="0" ind2=" "><marc:subfield code="t">Histoire de Napoléon, depuis sa naissance jusqu'à sa mort. Par A.*** [L. Ardant.]</marc:subfield><marc:subfield code="d">pp. 108. Limoges, [1829.] 8º.</marc:subfield><marc:subfield code="w">(Uk)MP1.0000000044</marc:subfield></marc:datafield><marc:datafield tag="852" ind1="4" ind2="1"><marc:subfield code="a">British Library</marc:subfield><marc:subfield code="b">HMNTS</marc:subfield><marc:subfield code="j">10658.aaa.8.</marc:subfield></marc:datafield></marc:record>