
<marc:record><marc:leader>00558cam a22001573  4500</marc:leader>
<marc:controlfield tag="001">000000067</marc:controlfield>
<marc:controlfield tag="003">Uk</marc:controlfield><marc:controlfield tag="005">20090625111730.0</marc:controlfield><marc:controlfield tag="008">991117|1876|||||||    ||    |||| ||eng  </marc:controlfield><marc:datafield tag="040" ind1=" " ind2=" "><marc:subfield code="a">Uk</marc:subfield><marc:subfield code="c">Uk</marc:subfield></marc:datafield><marc:datafield tag="245" ind1="1" ind2="4"><marc:subfield code="a">The Passionate Morrice, a sequel to Tell-Trothes New-Yeares Gift, 1593. By A. (Edited by F. J. Furnivall.).</marc:subfield></marc:datafield><marc:datafield tag="580" ind1=" " ind2=" "><marc:subfield code="a">In: Tell-Troth. Tell-Trothes New-Yeares Gift, etc. 1876. 4º.</marc:subfield></marc:datafield><marc:datafield tag="700" ind1="1" ind2=" "><marc:subfield code="a">FURNIVALL, Frederick James.</marc:subfield></marc:datafield><marc:datafield tag="720" ind1=" " ind2=" "><marc:subfield code="a">MORRICE</marc:subfield></marc:datafield><marc:datafield tag="852" ind1="4" ind2="1"><marc:subfield code="a">British Library</marc:subfield><marc:subfield code="b">HMNTS</marc:subfield><marc:subfield code="j">Ac.9488.c/2.</marc:subfield></marc:datafield><marc:datafield tag="886" ind1="2" ind2=" "><marc:subfield code="2">blmarc</marc:subfield><marc:subfield code="a">709</marc:subfield><marc:subfield code="b">00</marc:subfield><marc:subfield code="a">MORRICE</marc:subfield><marc:subfield code="p">Ac.9488.c/2.</marc:subfield><marc:subfield code="x">2272210058</marc:subfield></marc:datafield></marc:record>