
<marc:record><marc:leader>00846cam a22002173  4500</marc:leader>
<marc:controlfield tag="001">000000070</marc:controlfield>
<marc:controlfield tag="003">Uk</marc:controlfield><marc:controlfield tag="005">20110119131900.0</marc:controlfield><marc:controlfield tag="008">870813|1825|||||||    ||    |||| |||||  </marc:controlfield><marc:datafield tag="040" ind1=" " ind2=" "><marc:subfield code="a">Uk</marc:subfield><marc:subfield code="c">Uk</marc:subfield></marc:datafield><marc:datafield tag="245" ind1="1" ind2="0"><marc:subfield code="a">Police Dialogue, between A. and F. Being an excellent new song ... written upon seeing the name of R-t M-n Esq. [i.e. Robert Manderston] in the list of the New T-n C-l, as A-l of L-h [i.e. Admiral of Leith].</marc:subfield></marc:datafield><marc:datafield tag="260" ind1=" " ind2=" "><marc:subfield code="a">[Edinburgh,</marc:subfield><marc:subfield code="c">1825.]</marc:subfield></marc:datafield><marc:datafield tag="300" ind1=" " ind2=" "><marc:subfield code="a">6 p. ;</marc:subfield><marc:subfield code="c">8º.</marc:subfield></marc:datafield><marc:datafield tag="700" ind1="1" ind2=" "><marc:subfield code="a">M-N, R-t,</marc:subfield><marc:subfield code="c">Esq.</marc:subfield></marc:datafield><marc:datafield tag="700" ind1="1" ind2=" "><marc:subfield code="a">MANDERSTON, Robert.</marc:subfield></marc:datafield><marc:datafield tag="720" ind1=" " ind2=" "><marc:subfield code="a">A.</marc:subfield><marc:subfield code="e">main entry</marc:subfield></marc:datafield><marc:datafield tag="720" ind1=" " ind2=" "><marc:subfield code="a">F.</marc:subfield></marc:datafield><marc:datafield tag="852" ind1="4" ind2="1"><marc:subfield code="a">British Library</marc:subfield><marc:subfield code="b">HMNTS</marc:subfield><marc:subfield code="j">11644.ccc.10.</marc:subfield></marc:datafield><marc:datafield tag="886" ind1="2" ind2=" "><marc:subfield code="2">blmarc</marc:subfield><marc:subfield code="a">709</marc:subfield><marc:subfield code="b">00</marc:subfield><marc:subfield code="a">F.</marc:subfield><marc:subfield code="p">11644.ccc.10.</marc:subfield><marc:subfield code="x">1044010037</marc:subfield></marc:datafield><marc:datafield tag="886" ind1="2" ind2=" "><marc:subfield code="2">blmarc</marc:subfield><marc:subfield code="a">709</marc:subfield><marc:subfield code="b">00</marc:subfield><marc:subfield code="a">M-N</marc:subfield><marc:subfield code="h">R-t</marc:subfield><marc:subfield code="f">Esq.</marc:subfield><marc:subfield code="p">11644.ccc.10.</marc:subfield><marc:subfield code="x">2233000277</marc:subfield></marc:datafield><marc:datafield tag="886" ind1="2" ind2=" "><marc:subfield code="2">blmarc</marc:subfield><marc:subfield code="a">709</marc:subfield><marc:subfield code="b">00</marc:subfield><marc:subfield code="a">MANDERSTON</marc:subfield><marc:subfield code="h">Robert</marc:subfield><marc:subfield code="p">11644.ccc.10.</marc:subfield><marc:subfield code="x">2094000184</marc:subfield></marc:datafield></marc:record>