
<marc:record><marc:leader>00783cam a22001933  4500</marc:leader>
<marc:controlfield tag="001">000000071</marc:controlfield>
<marc:controlfield tag="003">Uk</marc:controlfield><marc:controlfield tag="005">20120504173500.0</marc:controlfield><marc:controlfield tag="008">870813|1864|||||||    ||    |||| |||||  </marc:controlfield><marc:datafield tag="040" ind1=" " ind2=" "><marc:subfield code="a">Uk</marc:subfield><marc:subfield code="c">Uk</marc:subfield></marc:datafield><marc:datafield tag="245" ind1="1" ind2="0"><marc:subfield code="a">De Policie in Nederland. Denkbeelden en beschouwingen van een (Oud) Lid der Regterlijke Magt. [The preface signed: A. i.e. P. W. Alstorphius Grevelink.]</marc:subfield></marc:datafield><marc:datafield tag="260" ind1=" " ind2=" "><marc:subfield code="a">'s Gravenhage,</marc:subfield><marc:subfield code="c">1864.</marc:subfield></marc:datafield><marc:datafield tag="300" ind1=" " ind2=" "><marc:subfield code="a">154 p. ;</marc:subfield><marc:subfield code="c">8º.</marc:subfield></marc:datafield><marc:datafield tag="700" ind1="1" ind2=" "><marc:subfield code="a">GREVELINK, Pedro Wynand Alstorphius.</marc:subfield></marc:datafield><marc:datafield tag="710" ind1="1" ind2=" "><marc:subfield code="a">Netherlands.</marc:subfield><marc:subfield code="t">Appendix. Law and Justice</marc:subfield></marc:datafield><marc:datafield tag="720" ind1=" " ind2=" "><marc:subfield code="a">A.</marc:subfield><marc:subfield code="e">main entry</marc:subfield></marc:datafield><marc:datafield tag="852" ind1="4" ind2="1"><marc:subfield code="a">British Library</marc:subfield><marc:subfield code="b">HMNTS</marc:subfield><marc:subfield code="j">5684.b.1.</marc:subfield></marc:datafield><marc:datafield tag="886" ind1="2" ind2=" "><marc:subfield code="2">blmarc</marc:subfield><marc:subfield code="a">709</marc:subfield><marc:subfield code="b">00</marc:subfield><marc:subfield code="a">GREVELINK</marc:subfield><marc:subfield code="h">Pedro Wynand Alstorphius</marc:subfield><marc:subfield code="p">5684.b.1.</marc:subfield><marc:subfield code="x">1323140182</marc:subfield></marc:datafield><marc:datafield tag="886" ind1="2" ind2=" "><marc:subfield code="2">blmarc</marc:subfield><marc:subfield code="a">709</marc:subfield><marc:subfield code="b">00</marc:subfield><marc:subfield code="a">NETHERLANDS</marc:subfield><marc:subfield code="t">Appendix</marc:subfield><marc:subfield code="t">Law and Justice</marc:subfield><marc:subfield code="p">5684.b.1.</marc:subfield><marc:subfield code="x">2341750095</marc:subfield></marc:datafield></marc:record>