
<marc:record><marc:leader>00788cam a22002053  4500</marc:leader>
<marc:controlfield tag="001">000000095</marc:controlfield>
<marc:controlfield tag="003">Uk</marc:controlfield><marc:controlfield tag="005">20130119172900.0</marc:controlfield><marc:controlfield tag="008">950119|1833|||||||    ||    |||| |||||  </marc:controlfield><marc:datafield tag="040" ind1=" " ind2=" "><marc:subfield code="a">Uk</marc:subfield><marc:subfield code="c">Uk</marc:subfield></marc:datafield><marc:datafield tag="245" ind1="1" ind2="0"><marc:subfield code="a">Umrisse einer möglichen Reform in Ungarn, im Geiste des juste-milieu. Von A........ [i.e. Count György Andrássy.]</marc:subfield></marc:datafield><marc:datafield tag="260" ind1=" " ind2=" "><marc:subfield code="a">2 Abt. London; Paris, 1833 [1832, 33].</marc:subfield></marc:datafield><marc:datafield tag="300" ind1=" " ind2=" "><marc:subfield code="a">8º.</marc:subfield></marc:datafield><marc:datafield tag="500" ind1=" " ind2=" "><marc:subfield code="a">Abt. 1 is in two Hft.</marc:subfield></marc:datafield><marc:datafield tag="700" ind1="1" ind2=" "><marc:subfield code="a">Andrássy, György,</marc:subfield><marc:subfield code="c">gróf,</marc:subfield><marc:subfield code="d">1797-1872.</marc:subfield></marc:datafield><marc:datafield tag="720" ind1=" " ind2=" "><marc:subfield code="a">A........</marc:subfield><marc:subfield code="e">main entry</marc:subfield></marc:datafield><marc:datafield tag="720" ind1=" " ind2=" "><marc:subfield code="a">HUNGARY. Appendix. Political</marc:subfield></marc:datafield><marc:datafield tag="852" ind1="4" ind2="1"><marc:subfield code="a">British Library</marc:subfield><marc:subfield code="b">HMNTS</marc:subfield><marc:subfield code="j">8094.aaa.33.</marc:subfield></marc:datafield><marc:datafield tag="886" ind1="2" ind2=" "><marc:subfield code="2">blmarc</marc:subfield><marc:subfield code="a">709</marc:subfield><marc:subfield code="b">00</marc:subfield><marc:subfield code="a">ANDRÁSSY</marc:subfield><marc:subfield code="h">György</marc:subfield><marc:subfield code="f">Count</marc:subfield><marc:subfield code="p">8094.aaa.33.</marc:subfield><marc:subfield code="x">0081460147</marc:subfield></marc:datafield><marc:datafield tag="886" ind1="2" ind2=" "><marc:subfield code="2">blmarc</marc:subfield><marc:subfield code="a">709</marc:subfield><marc:subfield code="b">00</marc:subfield><marc:subfield code="a">HUNGARY</marc:subfield><marc:subfield code="t">Appendix</marc:subfield><marc:subfield code="t">Political</marc:subfield><marc:subfield code="p">8094.aaa.33.</marc:subfield><marc:subfield code="x">1554440262</marc:subfield></marc:datafield></marc:record>