
<marc:record><marc:leader>01019cam a22002173  4500</marc:leader>
<marc:controlfield tag="001">000000110</marc:controlfield>
<marc:controlfield tag="003">Uk</marc:controlfield><marc:controlfield tag="005">20120811233700.0</marc:controlfield><marc:controlfield tag="008">870813|1822|||||||    ||    |||| |||||  </marc:controlfield><marc:datafield tag="040" ind1=" " ind2=" "><marc:subfield code="a">Uk</marc:subfield><marc:subfield code="c">Uk</marc:subfield></marc:datafield><marc:datafield tag="245" ind1="1" ind2="0"><marc:subfield code="a">Edward, ou le Somnambule, mélodrame militaire en trois actes et à grand spectacle. Par MM. A..... et B...... [i.e. Hyacinthe Albertin and J. B. E. Cantiran de Boirie], etc.</marc:subfield></marc:datafield><marc:datafield tag="260" ind1=" " ind2=" "><marc:subfield code="a">Paris,</marc:subfield><marc:subfield code="c">1822.</marc:subfield></marc:datafield><marc:datafield tag="300" ind1=" " ind2=" "><marc:subfield code="a">60 p. ;</marc:subfield><marc:subfield code="c">8º.</marc:subfield></marc:datafield><marc:datafield tag="700" ind1="1" ind2=" "><marc:subfield code="a">ALBERTIN, Hyacinthe,</marc:subfield><marc:subfield code="c">and CANTIRAN DE BOIRIE (Jean Bernard Eugène)</marc:subfield></marc:datafield><marc:datafield tag="700" ind1="1" ind2=" "><marc:subfield code="a">Boirie,</marc:subfield><marc:subfield code="c">M.</marc:subfield><marc:subfield code="q">(Jean-Bernard-Eugène Cantiran de),</marc:subfield><marc:subfield code="d">1785-1837.</marc:subfield></marc:datafield><marc:datafield tag="720" ind1=" " ind2=" "><marc:subfield code="a">A..... and B......</marc:subfield><marc:subfield code="e">main entry</marc:subfield></marc:datafield><marc:datafield tag="720" ind1=" " ind2=" "><marc:subfield code="a">B......</marc:subfield></marc:datafield><marc:datafield tag="852" ind1="4" ind2="1"><marc:subfield code="a">British Library</marc:subfield><marc:subfield code="b">HMNTS</marc:subfield><marc:subfield code="j">11738.bb.36.(1.)</marc:subfield></marc:datafield><marc:datafield tag="886" ind1="2" ind2=" "><marc:subfield code="2">blmarc</marc:subfield><marc:subfield code="a">709</marc:subfield><marc:subfield code="b">00</marc:subfield><marc:subfield code="a">ALBERTIN</marc:subfield><marc:subfield code="h">Hyacinthe</marc:subfield><marc:subfield code="f">and CANTIRAN DE BOIRIE (Jean Bernard Eugène)</marc:subfield><marc:subfield code="p">11738.bb.36.(1.)</marc:subfield><marc:subfield code="x">004313016X</marc:subfield></marc:datafield><marc:datafield tag="886" ind1="2" ind2=" "><marc:subfield code="2">blmarc</marc:subfield><marc:subfield code="a">709</marc:subfield><marc:subfield code="b">00</marc:subfield><marc:subfield code="a">B......</marc:subfield><marc:subfield code="p">11738.bb.36.(1.)</marc:subfield><marc:subfield code="x">0151450021</marc:subfield></marc:datafield><marc:datafield tag="886" ind1="2" ind2=" "><marc:subfield code="2">blmarc</marc:subfield><marc:subfield code="a">709</marc:subfield><marc:subfield code="b">00</marc:subfield><marc:subfield code="a">CANTIRAN DE BOIRIE</marc:subfield><marc:subfield code="h">Jean Bernard Eugène</marc:subfield><marc:subfield code="p">11738.bb.36.(1.)</marc:subfield><marc:subfield code="x">0531170101</marc:subfield></marc:datafield></marc:record>