
<marc:record><marc:leader>00995cam a22002293  4500</marc:leader>
<marc:controlfield tag="001">000000112</marc:controlfield>
<marc:controlfield tag="003">Uk</marc:controlfield><marc:controlfield tag="005">20110127155100.0</marc:controlfield><marc:controlfield tag="008">870813|1841|||||||    ||    |||| |||||  </marc:controlfield><marc:datafield tag="040" ind1=" " ind2=" "><marc:subfield code="a">Uk</marc:subfield><marc:subfield code="c">Uk</marc:subfield></marc:datafield><marc:datafield tag="245" ind1="1" ind2="0"><marc:subfield code="a">Vindicacion de la República Arjentina en su revolucion y sus guerras civiles. Por A. y X, emigrados arjentinos. (Plan de la obra. Primer cuaderno.) [By Vicente Fidel López?]</marc:subfield></marc:datafield><marc:datafield tag="260" ind1=" " ind2=" "><marc:subfield code="a">Santiago de Chile :</marc:subfield><marc:subfield code="b">Imprenta Liberal,</marc:subfield><marc:subfield code="c">1841.</marc:subfield></marc:datafield><marc:datafield tag="300" ind1=" " ind2=" "><marc:subfield code="c">4º.</marc:subfield></marc:datafield><marc:datafield tag="500" ind1=" " ind2=" "><marc:subfield code="a">Imperfect; wanting all after cuad. 1.</marc:subfield></marc:datafield><marc:datafield tag="700" ind1="1" ind2=" "><marc:subfield code="a">LÓPEZ, Vicente Fidel.</marc:subfield></marc:datafield><marc:datafield tag="720" ind1=" " ind2=" "><marc:subfield code="a">A. and X. Emigrados Arjentinos</marc:subfield><marc:subfield code="e">main entry</marc:subfield></marc:datafield><marc:datafield tag="720" ind1=" " ind2=" "><marc:subfield code="a">ARGENTINE REPUBLIC. Appendix</marc:subfield></marc:datafield><marc:datafield tag="720" ind1=" " ind2=" "><marc:subfield code="a">X., Argentinian Emigrant</marc:subfield></marc:datafield><marc:datafield tag="852" ind1="4" ind2="1"><marc:subfield code="a">British Library</marc:subfield><marc:subfield code="b">HMNTS</marc:subfield><marc:subfield code="j">Cup.405.b.25.</marc:subfield></marc:datafield><marc:datafield tag="886" ind1="2" ind2=" "><marc:subfield code="2">blmarc</marc:subfield><marc:subfield code="a">709</marc:subfield><marc:subfield code="b">00</marc:subfield><marc:subfield code="a">ARGENTINE REPUBLIC</marc:subfield><marc:subfield code="t">Appendix</marc:subfield><marc:subfield code="p">Cup.405.b.25.</marc:subfield><marc:subfield code="x">0104570245</marc:subfield></marc:datafield><marc:datafield tag="886" ind1="2" ind2=" "><marc:subfield code="2">blmarc</marc:subfield><marc:subfield code="a">709</marc:subfield><marc:subfield code="b">00</marc:subfield><marc:subfield code="a">LÓPEZ</marc:subfield><marc:subfield code="h">Vicente Fidel</marc:subfield><marc:subfield code="p">Cup.405.b.25.</marc:subfield><marc:subfield code="x">2002160171</marc:subfield></marc:datafield><marc:datafield tag="886" ind1="2" ind2=" "><marc:subfield code="2">blmarc</marc:subfield><marc:subfield code="a">709</marc:subfield><marc:subfield code="b">00</marc:subfield><marc:subfield code="a">X., Argentinian Emigrant</marc:subfield><marc:subfield code="p">Cup.405.b.25.</marc:subfield><marc:subfield code="x">357107002X</marc:subfield></marc:datafield></marc:record>