
<marc:record><marc:leader>00892cam a22001933  4500</marc:leader>
<marc:controlfield tag="001">000000126</marc:controlfield>
<marc:controlfield tag="003">Uk</marc:controlfield><marc:controlfield tag="005">20110119131900.0</marc:controlfield><marc:controlfield tag="008">870813|1802|||||||    ||    |||| ||eng  </marc:controlfield><marc:datafield tag="040" ind1=" " ind2=" "><marc:subfield code="a">Uk</marc:subfield><marc:subfield code="c">Uk</marc:subfield></marc:datafield><marc:datafield tag="245" ind1="1" ind2="4"><marc:subfield code="a">The Soldier of Dierenstein; or, love and mercy. An Austrian story, by H.S.H. the M. of A- [i.e. Elizabeth, Margravine of Anspach].</marc:subfield></marc:datafield><marc:datafield tag="260" ind1=" " ind2=" "><marc:subfield code="a">Newbury; J. White</marc:subfield><marc:subfield code="a">London :</marc:subfield><marc:subfield code="b">T. Mayo,</marc:subfield><marc:subfield code="c">1802.</marc:subfield></marc:datafield><marc:datafield tag="300" ind1=" " ind2=" "><marc:subfield code="a">40 p. ;</marc:subfield><marc:subfield code="c">8º.</marc:subfield></marc:datafield><marc:datafield tag="700" ind1="1" ind2=" "><marc:subfield code="a">CRAVEN, Elizabeth,</marc:subfield><marc:subfield code="c">Baroness Craven, afterwards ELIZABETH, Margravine of Brandenburg-Anspach and Bayreuth.</marc:subfield></marc:datafield><marc:datafield tag="720" ind1=" " ind2=" "><marc:subfield code="a">A-., H.S.H. the M. of</marc:subfield><marc:subfield code="e">main entry</marc:subfield></marc:datafield><marc:datafield tag="720" ind1=" " ind2=" "><marc:subfield code="a">DIERENSTEIN</marc:subfield></marc:datafield><marc:datafield tag="852" ind1="4" ind2="1"><marc:subfield code="a">British Library</marc:subfield><marc:subfield code="b">HMNTS</marc:subfield><marc:subfield code="j">N.1854.(2.)</marc:subfield></marc:datafield><marc:datafield tag="886" ind1="2" ind2=" "><marc:subfield code="2">blmarc</marc:subfield><marc:subfield code="a">709</marc:subfield><marc:subfield code="b">00</marc:subfield><marc:subfield code="a">CRAVEN</marc:subfield><marc:subfield code="h">Elizabeth</marc:subfield><marc:subfield code="f">Baroness Craven, afterwards ELIZABETH, Margravine of Brandenburg-Anspach and Bayreuth</marc:subfield><marc:subfield code="p">N.1854.(2.)</marc:subfield><marc:subfield code="x">0722210183</marc:subfield></marc:datafield><marc:datafield tag="886" ind1="2" ind2=" "><marc:subfield code="2">blmarc</marc:subfield><marc:subfield code="a">709</marc:subfield><marc:subfield code="b">00</marc:subfield><marc:subfield code="a">DIERENSTEIN</marc:subfield><marc:subfield code="p">N.1854.(2.)</marc:subfield><marc:subfield code="x">0831020024</marc:subfield></marc:datafield></marc:record>