
<marc:record><marc:leader>00632cam a22001693  4500</marc:leader>
<marc:controlfield tag="001">000000138</marc:controlfield>
<marc:controlfield tag="003">Uk</marc:controlfield><marc:controlfield tag="005">20120217162500.0</marc:controlfield><marc:controlfield tag="008">930917|1822|||||||    ||    |||| |||||  </marc:controlfield><marc:datafield tag="040" ind1=" " ind2=" "><marc:subfield code="a">Uk</marc:subfield><marc:subfield code="c">Uk</marc:subfield></marc:datafield><marc:datafield tag="245" ind1="1" ind2="0"><marc:subfield code="a">Catalogue des dessins, croquis, gouaches, gravures et tableaux ... provenant du cabinet de M. le chevalier A***. La vente aura lieu les ... 1er et ... 2 avril 1822, etc. Ms. prices.</marc:subfield></marc:datafield><marc:datafield tag="260" ind1=" " ind2=" "><marc:subfield code="a">[Paris],</marc:subfield><marc:subfield code="c">1822.</marc:subfield></marc:datafield><marc:datafield tag="300" ind1=" " ind2=" "><marc:subfield code="a">8 p. ;</marc:subfield><marc:subfield code="c">8º.</marc:subfield></marc:datafield><marc:datafield tag="655" ind1=" " ind2="4"><marc:subfield code="a">Catalogues.</marc:subfield></marc:datafield><marc:datafield tag="720" ind1=" " ind2=" "><marc:subfield code="a">A***, M. le Chevalier</marc:subfield><marc:subfield code="e">main entry</marc:subfield></marc:datafield><marc:datafield tag="852" ind1="4" ind2="1"><marc:subfield code="a">British Library</marc:subfield><marc:subfield code="b">HMNTS</marc:subfield><marc:subfield code="j">562.e.51.(15.)</marc:subfield></marc:datafield><marc:datafield tag="886" ind1="2" ind2=" "><marc:subfield code="2">blmarc</marc:subfield><marc:subfield code="a">709</marc:subfield><marc:subfield code="b">00</marc:subfield><marc:subfield code="a">CATALOGUES</marc:subfield><marc:subfield code="p">562.e.51.(15.)</marc:subfield><marc:subfield code="x">0561490074</marc:subfield></marc:datafield></marc:record>