
<marc:record><marc:leader>00811cam a22001933  4500</marc:leader>
<marc:controlfield tag="001">000000143</marc:controlfield>
<marc:controlfield tag="003">Uk</marc:controlfield><marc:controlfield tag="005">20110119131900.0</marc:controlfield><marc:controlfield tag="008">040216|1835|||||||    ||    |||| |||||  </marc:controlfield><marc:datafield tag="040" ind1=" " ind2=" "><marc:subfield code="a">Uk</marc:subfield><marc:subfield code="c">Uk</marc:subfield></marc:datafield><marc:datafield tag="245" ind1="1" ind2="0"><marc:subfield code="a">Short Whist: its rise, progress, and laws together with maxims for beginners ... By Major *****A. [i.e. Charles B. Coles.]</marc:subfield></marc:datafield><marc:datafield tag="260" ind1=" " ind2=" "><marc:subfield code="a">pp. iv. 96. Longman, Rees, etc.: London, 1835.</marc:subfield></marc:datafield><marc:datafield tag="300" ind1=" " ind2=" "><marc:subfield code="a">16º.</marc:subfield></marc:datafield><marc:datafield tag="700" ind1="1" ind2=" "><marc:subfield code="a">COLES, Charles Barwell.</marc:subfield></marc:datafield><marc:datafield tag="720" ind1=" " ind2=" "><marc:subfield code="a">A*****, Major</marc:subfield><marc:subfield code="e">main entry</marc:subfield></marc:datafield><marc:datafield tag="720" ind1=" " ind2=" "><marc:subfield code="a">WHIST</marc:subfield></marc:datafield><marc:datafield tag="775" ind1="0" ind2=" "><marc:subfield code="t">[Short Whist: its rise, progress, and laws together with maxims for beginners ... By Major *****A. [i.e. Charles B. Coles.]]</marc:subfield><marc:subfield code="d">pp. 95. 1836. 16º.</marc:subfield><marc:subfield code="w">(Uk)MP1.0000000142.1</marc:subfield></marc:datafield><marc:datafield tag="852" ind1="4" ind2="1"><marc:subfield code="a">British Library</marc:subfield><marc:subfield code="b">HMNTS</marc:subfield><marc:subfield code="j">1040.e.20.</marc:subfield></marc:datafield><marc:datafield tag="886" ind1="2" ind2=" "><marc:subfield code="2">blmarc</marc:subfield><marc:subfield code="a">709</marc:subfield><marc:subfield code="b">00</marc:subfield><marc:subfield code="a">COLES</marc:subfield><marc:subfield code="h">Charles Barwell</marc:subfield><marc:subfield code="p">1040.e.20.</marc:subfield><marc:subfield code="x">0654990123</marc:subfield></marc:datafield></marc:record>