
<marc:record><marc:leader>00842cam a22001813  4500</marc:leader>
<marc:controlfield tag="001">000000144</marc:controlfield>
<marc:controlfield tag="003">Uk</marc:controlfield><marc:controlfield tag="005">20111222151700.0</marc:controlfield><marc:controlfield tag="008">040216|1836|||||||    ||    |||| |||||  </marc:controlfield><marc:datafield tag="040" ind1=" " ind2=" "><marc:subfield code="a">Uk</marc:subfield><marc:subfield code="c">Uk</marc:subfield></marc:datafield><marc:datafield tag="245" ind1="1" ind2="0"><marc:subfield code="a">[Short Whist: its rise, progress, and laws together with maxims for beginners ... By Major *****A. [i.e. Charles B. Coles.]]</marc:subfield></marc:datafield><marc:datafield tag="250" ind1=" " ind2=" "><marc:subfield code="a">[Another edition.]</marc:subfield></marc:datafield><marc:datafield tag="260" ind1=" " ind2=" "><marc:subfield code="c">1836.</marc:subfield></marc:datafield><marc:datafield tag="300" ind1=" " ind2=" "><marc:subfield code="a">95 p. ;</marc:subfield><marc:subfield code="c">16º.</marc:subfield></marc:datafield><marc:datafield tag="720" ind1=" " ind2=" "><marc:subfield code="a">A*****, Major</marc:subfield><marc:subfield code="e">main entry</marc:subfield></marc:datafield><marc:datafield tag="787" ind1="0" ind2=" "><marc:subfield code="t">Short Whist: its rise, progress, and laws together with maxims for beginners ... By Major *****A. [i.e. Charles B. Coles.]</marc:subfield><marc:subfield code="d">pp. iv. 96. Longman, Rees, etc.: London, 1835. 16º.</marc:subfield><marc:subfield code="w">(Uk)MP1.0000000142</marc:subfield></marc:datafield><marc:datafield tag="852" ind1="4" ind2="1"><marc:subfield code="a">British Library</marc:subfield><marc:subfield code="b">HMNTS</marc:subfield><marc:subfield code="j">7913.aa.49.</marc:subfield></marc:datafield><marc:datafield tag="852" ind1="4" ind2="1"><marc:subfield code="a">British Library</marc:subfield><marc:subfield code="b">HMNTS</marc:subfield><marc:subfield code="j">Mic.A.9430.(3.)</marc:subfield><marc:subfield code="3">[A microfilm copy.] 1936.***Microfilm. Made from a copy in the Bodleian Library.</marc:subfield></marc:datafield></marc:record>