
<marc:record><marc:leader>00781cam a22001933  4500</marc:leader>
<marc:controlfield tag="001">000000148</marc:controlfield>
<marc:controlfield tag="003">Uk</marc:controlfield><marc:controlfield tag="005">20110128153000.0</marc:controlfield><marc:controlfield tag="008">961003|1849|||||||    ||    |||| |||||  </marc:controlfield><marc:datafield tag="040" ind1=" " ind2=" "><marc:subfield code="a">Uk</marc:subfield><marc:subfield code="c">Uk</marc:subfield></marc:datafield><marc:datafield tag="245" ind1="1" ind2="0"><marc:subfield code="a">[Short Whist ... By Major A***** [i.e. Charles B. Coles]. Ninth edition, etc.]</marc:subfield></marc:datafield><marc:datafield tag="250" ind1=" " ind2=" "><marc:subfield code="a">Tenth edition.</marc:subfield></marc:datafield><marc:datafield tag="260" ind1=" " ind2=" "><marc:subfield code="c">1849.</marc:subfield></marc:datafield><marc:datafield tag="300" ind1=" " ind2=" "><marc:subfield code="c">8º.</marc:subfield></marc:datafield><marc:datafield tag="700" ind1="1" ind2=" "><marc:subfield code="a">COLES, Charles Barwell.</marc:subfield></marc:datafield><marc:datafield tag="720" ind1=" " ind2=" "><marc:subfield code="a">A*****, Major</marc:subfield><marc:subfield code="e">main entry</marc:subfield></marc:datafield><marc:datafield tag="787" ind1="0" ind2=" "><marc:subfield code="t">Short Whist ... By Major A***** [i.e. Charles B. Coles]. Ninth edition, etc.</marc:subfield><marc:subfield code="d">pp. 109. Longman, Brown, Green &amp; Longmans: London, 1845. 8º.</marc:subfield><marc:subfield code="w">(Uk)MP1.0000000145</marc:subfield></marc:datafield><marc:datafield tag="852" ind1="4" ind2="1"><marc:subfield code="a">British Library</marc:subfield><marc:subfield code="b">HMNTS</marc:subfield><marc:subfield code="j">7917.de.9.(3.)</marc:subfield></marc:datafield><marc:datafield tag="886" ind1="2" ind2=" "><marc:subfield code="2">blmarc</marc:subfield><marc:subfield code="a">709</marc:subfield><marc:subfield code="b">00</marc:subfield><marc:subfield code="a">COLES</marc:subfield><marc:subfield code="h">Charles Barwell</marc:subfield><marc:subfield code="p">[MISSING.]</marc:subfield><marc:subfield code="x">0654990166</marc:subfield><marc:subfield code="p">7917.de.9.(3.)</marc:subfield><marc:subfield code="x">0654990158</marc:subfield><marc:subfield code="p">7924.a.6.</marc:subfield><marc:subfield code="x">0654990158</marc:subfield></marc:datafield></marc:record>