
<marc:record><marc:leader>00980cam a22002173  4500</marc:leader>
<marc:controlfield tag="001">000000149</marc:controlfield>
<marc:controlfield tag="003">Uk</marc:controlfield><marc:controlfield tag="005">20110119131900.0</marc:controlfield><marc:controlfield tag="008">961003|1865|||||||    ||    |||| |||||  </marc:controlfield><marc:datafield tag="040" ind1=" " ind2=" "><marc:subfield code="a">Uk</marc:subfield><marc:subfield code="c">Uk</marc:subfield></marc:datafield><marc:datafield tag="245" ind1="1" ind2="0"><marc:subfield code="a">[Short Whist ... By Major A***** [i.e. Charles B. Coles]. Ninth edition, etc.]</marc:subfield></marc:datafield><marc:datafield tag="250" ind1=" " ind2=" "><marc:subfield code="a">The sixteenth edition ... revised, with an essay on the theory of the modern scientific game, by Professor P. [i.e. William Pole], etc.</marc:subfield></marc:datafield><marc:datafield tag="260" ind1=" " ind2=" "><marc:subfield code="a">pp. x. 147. Longman, Green, etc.: 1865.</marc:subfield></marc:datafield><marc:datafield tag="300" ind1=" " ind2=" "><marc:subfield code="a">8º.</marc:subfield></marc:datafield><marc:datafield tag="700" ind1="1" ind2=" "><marc:subfield code="a">POLE, William,</marc:subfield><marc:subfield code="c">F.R.S.</marc:subfield></marc:datafield><marc:datafield tag="720" ind1=" " ind2=" "><marc:subfield code="a">A*****, Major</marc:subfield><marc:subfield code="e">main entry</marc:subfield></marc:datafield><marc:datafield tag="720" ind1=" " ind2=" "><marc:subfield code="a">P., Professor</marc:subfield></marc:datafield><marc:datafield tag="787" ind1="0" ind2=" "><marc:subfield code="t">Short Whist ... By Major A***** [i.e. Charles B. Coles]. Ninth edition, etc.</marc:subfield><marc:subfield code="d">pp. 109. Longman, Brown, Green &amp; Longmans: London, 1845. 8º.</marc:subfield><marc:subfield code="w">(Uk)MP1.0000000145</marc:subfield></marc:datafield><marc:datafield tag="852" ind1="4" ind2="1"><marc:subfield code="a">British Library</marc:subfield><marc:subfield code="b">HMNTS</marc:subfield><marc:subfield code="j">7913.b.35.</marc:subfield></marc:datafield><marc:datafield tag="886" ind1="2" ind2=" "><marc:subfield code="2">blmarc</marc:subfield><marc:subfield code="a">709</marc:subfield><marc:subfield code="b">00</marc:subfield><marc:subfield code="a">P., Professor</marc:subfield><marc:subfield code="p">7913.b.35.</marc:subfield><marc:subfield code="x">2444000064</marc:subfield></marc:datafield><marc:datafield tag="886" ind1="2" ind2=" "><marc:subfield code="2">blmarc</marc:subfield><marc:subfield code="a">709</marc:subfield><marc:subfield code="b">00</marc:subfield><marc:subfield code="a">POLE</marc:subfield><marc:subfield code="h">William</marc:subfield><marc:subfield code="f">F.R.S.</marc:subfield><marc:subfield code="p">7913.b.35.</marc:subfield><marc:subfield code="x">2614700126</marc:subfield></marc:datafield></marc:record>