
<marc:record><marc:leader>00690cam a22001693  4500</marc:leader>
<marc:controlfield tag="001">000000170</marc:controlfield>
<marc:controlfield tag="003">Uk</marc:controlfield><marc:controlfield tag="005">20110119131900.0</marc:controlfield><marc:controlfield tag="008">870813|1824|||||||    ||    |||| |||||  </marc:controlfield><marc:datafield tag="040" ind1=" " ind2=" "><marc:subfield code="a">Uk</marc:subfield><marc:subfield code="c">Uk</marc:subfield></marc:datafield><marc:datafield tag="245" ind1="1" ind2="0"><marc:subfield code="a">Conjuration du Genéral Malet contre Napoléon. Par le Sr d'A......., ancien Directeur-Général de la Police, à Hambourg [i.e. L. P. B. d'Aubignosc].</marc:subfield></marc:datafield><marc:datafield tag="260" ind1=" " ind2=" "><marc:subfield code="a">Paris,</marc:subfield><marc:subfield code="c">1824.</marc:subfield></marc:datafield><marc:datafield tag="300" ind1=" " ind2=" "><marc:subfield code="a">208 p. ;</marc:subfield><marc:subfield code="c">12º.</marc:subfield></marc:datafield><marc:datafield tag="700" ind1="1" ind2=" "><marc:subfield code="a">AUBIGNOSC, L. P. Brun d'.</marc:subfield></marc:datafield><marc:datafield tag="720" ind1=" " ind2=" "><marc:subfield code="a">A......., le Sr d', ancien Directeur-Général de la Police, à Hambourg</marc:subfield><marc:subfield code="e">main entry</marc:subfield></marc:datafield><marc:datafield tag="852" ind1="4" ind2="1"><marc:subfield code="a">British Library</marc:subfield><marc:subfield code="b">HMNTS</marc:subfield><marc:subfield code="j">9220.b.17.(1.)</marc:subfield></marc:datafield><marc:datafield tag="886" ind1="2" ind2=" "><marc:subfield code="2">blmarc</marc:subfield><marc:subfield code="a">709</marc:subfield><marc:subfield code="b">00</marc:subfield><marc:subfield code="a">AUBIGNOSC</marc:subfield><marc:subfield code="h">L. P. Brun d'</marc:subfield><marc:subfield code="p">9220.b.17.(1.)</marc:subfield><marc:subfield code="x">0133340139</marc:subfield></marc:datafield></marc:record>