
<marc:record><marc:leader>00807cam a22002053  4500</marc:leader>
<marc:controlfield tag="001">000000173</marc:controlfield>
<marc:controlfield tag="003">Uk</marc:controlfield><marc:controlfield tag="005">20120731110959.0</marc:controlfield><marc:controlfield tag="008">000623|1875|||||||    ||     ||| |||||  </marc:controlfield><marc:datafield tag="040" ind1=" " ind2=" "><marc:subfield code="a">Uk</marc:subfield><marc:subfield code="c">Uk</marc:subfield></marc:datafield><marc:datafield tag="100" ind1="1" ind2=" "><marc:subfield code="a">Watts, Alaric Alfred.</marc:subfield></marc:datafield><marc:datafield tag="245" ind1="1" ind2="0"><marc:subfield code="a">Aurora: a volume of verse. [The poems are signed: A. A., i.e. Alaric Alfred Watts, or: A. M., i.e. Anna Mary Howitt, afterwards Watts.]</marc:subfield></marc:datafield><marc:datafield tag="260" ind1=" " ind2=" "><marc:subfield code="a">London :</marc:subfield><marc:subfield code="b">H. S. King &amp; Co.,</marc:subfield><marc:subfield code="c">1875.</marc:subfield></marc:datafield><marc:datafield tag="300" ind1=" " ind2=" "><marc:subfield code="a">v. 266 p. ;</marc:subfield><marc:subfield code="c">8º.</marc:subfield></marc:datafield><marc:datafield tag="700" ind1="1" ind2=" "><marc:subfield code="a">HOWITT, afterwards WATTS, Anna Mary.</marc:subfield></marc:datafield><marc:datafield tag="700" ind1="1" ind2=" "><marc:subfield code="a">M., A.</marc:subfield></marc:datafield><marc:datafield tag="852" ind1="4" ind2="1"><marc:subfield code="a">British Library</marc:subfield><marc:subfield code="b">HMNTS</marc:subfield><marc:subfield code="j">11652.b.17.</marc:subfield></marc:datafield><marc:datafield tag="886" ind1="2" ind2=" "><marc:subfield code="2">blmarc</marc:subfield><marc:subfield code="a">709</marc:subfield><marc:subfield code="b">00</marc:subfield><marc:subfield code="a">AURORA</marc:subfield><marc:subfield code="p">11652.b.17.</marc:subfield><marc:subfield code="x">0141130075</marc:subfield></marc:datafield><marc:datafield tag="886" ind1="2" ind2=" "><marc:subfield code="2">blmarc</marc:subfield><marc:subfield code="a">709</marc:subfield><marc:subfield code="b">00</marc:subfield><marc:subfield code="a">HOWITT, afterwards WATTS</marc:subfield><marc:subfield code="h">Anna Mary</marc:subfield><marc:subfield code="p">11652.b.17.</marc:subfield><marc:subfield code="x">154073014X</marc:subfield></marc:datafield><marc:datafield tag="886" ind1="2" ind2=" "><marc:subfield code="2">blmarc</marc:subfield><marc:subfield code="a">709</marc:subfield><marc:subfield code="b">00</marc:subfield><marc:subfield code="a">M.</marc:subfield><marc:subfield code="h">A.</marc:subfield><marc:subfield code="p">11652.b.17.</marc:subfield><marc:subfield code="x">2040570101</marc:subfield><marc:subfield code="x">204059003X</marc:subfield></marc:datafield></marc:record>