
<marc:record><marc:leader>00634cam a22001573  4500</marc:leader>
<marc:controlfield tag="001">000000182</marc:controlfield>
<marc:controlfield tag="003">Uk</marc:controlfield><marc:controlfield tag="005">20071207123742.0</marc:controlfield><marc:controlfield tag="008">870813|1867|||||||    ||     ||| |||||  </marc:controlfield><marc:datafield tag="040" ind1=" " ind2=" "><marc:subfield code="a">Uk</marc:subfield><marc:subfield code="c">Uk</marc:subfield></marc:datafield><marc:datafield tag="100" ind1="1" ind2=" "><marc:subfield code="a">Ayres, Anne,</marc:subfield><marc:subfield code="d">1816-1896.</marc:subfield></marc:datafield><marc:datafield tag="245" ind1="1" ind2="0"><marc:subfield code="a">Evangelical Sisterhoods. In two letters to a friend [signed: A. A.]. Edited by W. A. Muhlenberg.</marc:subfield></marc:datafield><marc:datafield tag="260" ind1=" " ind2=" "><marc:subfield code="a">New York :</marc:subfield><marc:subfield code="b">T. Whittaker,</marc:subfield><marc:subfield code="c">1867.</marc:subfield></marc:datafield><marc:datafield tag="300" ind1=" " ind2=" "><marc:subfield code="a">59 p. ;</marc:subfield><marc:subfield code="c">16º.</marc:subfield></marc:datafield><marc:datafield tag="775" ind1="0" ind2=" "><marc:subfield code="t">[Evangelical Sisterhoods. In two letters to a friend [signed: A. A.]. Edited by W. A. Muhlenberg.]</marc:subfield><marc:subfield code="d">pp. 52. S. W. Partridge: London, 1872. 8º.</marc:subfield><marc:subfield code="w">(Uk)MP1.0000000179.1</marc:subfield></marc:datafield><marc:datafield tag="852" ind1="4" ind2="1"><marc:subfield code="a">British Library</marc:subfield><marc:subfield code="b">HMNTS</marc:subfield><marc:subfield code="j">4785.a.3.</marc:subfield></marc:datafield></marc:record>