
<marc:record><marc:leader>00796cam a22001693  4500</marc:leader>
<marc:controlfield tag="001">000000183</marc:controlfield>
<marc:controlfield tag="003">Uk</marc:controlfield><marc:controlfield tag="005">20071207115202.0</marc:controlfield><marc:controlfield tag="008">870813|1872||||enk    ||     ||| |||||  </marc:controlfield><marc:datafield tag="040" ind1=" " ind2=" "><marc:subfield code="a">Uk</marc:subfield><marc:subfield code="c">Uk</marc:subfield></marc:datafield><marc:datafield tag="100" ind1="1" ind2=" "><marc:subfield code="a">Ayres, Anne,</marc:subfield><marc:subfield code="d">1816-1896.</marc:subfield></marc:datafield><marc:datafield tag="245" ind1="1" ind2="0"><marc:subfield code="a">[Evangelical Sisterhoods. In two letters to a friend [signed: A. A.]. Edited by W. A. Muhlenberg.]</marc:subfield></marc:datafield><marc:datafield tag="250" ind1=" " ind2=" "><marc:subfield code="a">[Another edition.] Thoughts on Evangelical Sisterhoods, by a Member of one. [Signed: A. A.] (English edition [of “Evangelical Sisterhoods”]).</marc:subfield></marc:datafield><marc:datafield tag="260" ind1=" " ind2=" "><marc:subfield code="a">London :</marc:subfield><marc:subfield code="b">S. W. Partridge,</marc:subfield><marc:subfield code="c">1872.</marc:subfield></marc:datafield><marc:datafield tag="300" ind1=" " ind2=" "><marc:subfield code="a">52 p. ;</marc:subfield><marc:subfield code="c">8º.</marc:subfield></marc:datafield><marc:datafield tag="787" ind1="0" ind2=" "><marc:subfield code="t">Evangelical Sisterhoods. In two letters to a friend [signed: A. A.]. Edited by W. A. Muhlenberg.</marc:subfield><marc:subfield code="w">(Uk)MP1.0000000179</marc:subfield><marc:subfield code="d">pp. 59. T. Whittaker: New York, 1867. 16º.</marc:subfield></marc:datafield><marc:datafield tag="852" ind1="4" ind2="1"><marc:subfield code="a">British Library</marc:subfield><marc:subfield code="b">HMNTS</marc:subfield><marc:subfield code="j">4785.bb.37.</marc:subfield></marc:datafield></marc:record>