
<marc:record><marc:leader>00721cam a22001453  4500</marc:leader>
<marc:controlfield tag="001">000000184</marc:controlfield>
<marc:controlfield tag="003">Uk</marc:controlfield><marc:controlfield tag="005">20071207131827.0</marc:controlfield><marc:controlfield tag="008">870813|1845||||xxu    ||     ||| |||||  </marc:controlfield><marc:datafield tag="040" ind1=" " ind2=" "><marc:subfield code="a">Uk</marc:subfield><marc:subfield code="c">Uk</marc:subfield></marc:datafield><marc:datafield tag="100" ind1="1" ind2=" "><marc:subfield code="a">Osborn, Laughton,</marc:subfield><marc:subfield code="d">1809-1878.</marc:subfield></marc:datafield><marc:datafield tag="245" ind1="1" ind2="0"><marc:subfield code="a">Handbook of Young Artists and Amateurs in Oil-painting. Being chiefly a condensed compilation from the celebrated Manual of Bouvier, with additional matter selected from the labors of Mérimée, de Montabert and other ... writers ... Appended a new explanatory and critical vocabulary. By an American Artist. [The compiler's preface signed: A. A.]</marc:subfield></marc:datafield><marc:datafield tag="260" ind1=" " ind2=" "><marc:subfield code="a">New York :</marc:subfield><marc:subfield code="b">Wiley &amp; Putnam,</marc:subfield><marc:subfield code="c">1845.</marc:subfield></marc:datafield><marc:datafield tag="300" ind1=" " ind2=" "><marc:subfield code="a">xxxiii, 398 p. ;</marc:subfield><marc:subfield code="c">8º.</marc:subfield></marc:datafield><marc:datafield tag="852" ind1="4" ind2="1"><marc:subfield code="a">British Library</marc:subfield><marc:subfield code="b">HMNTS</marc:subfield><marc:subfield code="j">1402.e.24.</marc:subfield></marc:datafield></marc:record>