
<marc:record><marc:leader>00766cam a22002053  4500</marc:leader>
<marc:controlfield tag="001">000000186</marc:controlfield>
<marc:controlfield tag="003">Uk</marc:controlfield><marc:controlfield tag="005">20071207124049.0</marc:controlfield><marc:controlfield tag="008">870813|1853|||||||    ||     ||| |||||  </marc:controlfield><marc:datafield tag="040" ind1=" " ind2=" "><marc:subfield code="a">Uk</marc:subfield><marc:subfield code="c">Uk</marc:subfield></marc:datafield><marc:datafield tag="100" ind1="1" ind2=" "><marc:subfield code="a">Atkins, Anna,</marc:subfield><marc:subfield code="d">1799-1871.</marc:subfield></marc:datafield><marc:datafield tag="245" ind1="1" ind2="0"><marc:subfield code="a">Memoir of J. G. Children ... Including some unpublished poetry by his father and himself. [Signed: A. A., i.e. Anna Atkins.]</marc:subfield></marc:datafield><marc:datafield tag="260" ind1=" " ind2=" "><marc:subfield code="a">Westminster,</marc:subfield><marc:subfield code="c">1853.</marc:subfield></marc:datafield><marc:datafield tag="300" ind1=" " ind2=" "><marc:subfield code="a">313 p. ;</marc:subfield><marc:subfield code="c">8º.</marc:subfield></marc:datafield><marc:datafield tag="500" ind1=" " ind2=" "><marc:subfield code="a">Printed for private distribution.</marc:subfield></marc:datafield><marc:datafield tag="700" ind1="1" ind2=" "><marc:subfield code="a">CHILDREN, George.</marc:subfield></marc:datafield><marc:datafield tag="700" ind1="1" ind2=" "><marc:subfield code="a">Children, J. G.</marc:subfield><marc:subfield code="q">(John George),</marc:subfield><marc:subfield code="d">1777-1852.</marc:subfield></marc:datafield><marc:datafield tag="852" ind1="4" ind2="1"><marc:subfield code="a">British Library</marc:subfield><marc:subfield code="b">HMNTS</marc:subfield><marc:subfield code="j">10826.a.3.</marc:subfield></marc:datafield><marc:datafield tag="886" ind1="2" ind2=" "><marc:subfield code="2">blmarc</marc:subfield><marc:subfield code="a">709</marc:subfield><marc:subfield code="b">00</marc:subfield><marc:subfield code="a">CHILDREN</marc:subfield><marc:subfield code="h">George</marc:subfield><marc:subfield code="p">10826.a.3.</marc:subfield><marc:subfield code="x">0610390090</marc:subfield></marc:datafield><marc:datafield tag="886" ind1="2" ind2=" "><marc:subfield code="2">blmarc</marc:subfield><marc:subfield code="a">709</marc:subfield><marc:subfield code="b">00</marc:subfield><marc:subfield code="a">CHILDREN</marc:subfield><marc:subfield code="h">John George</marc:subfield><marc:subfield code="p">10826.a.3.</marc:subfield><marc:subfield code="x">061039021X</marc:subfield></marc:datafield></marc:record>