
<marc:record><marc:leader>00766cam a22001813  4500</marc:leader>
<marc:controlfield tag="001">000000187</marc:controlfield>
<marc:controlfield tag="003">Uk</marc:controlfield><marc:controlfield tag="005">20071207134443.0</marc:controlfield><marc:controlfield tag="008">870813|1800|||||||    ||    o||| |||||  </marc:controlfield><marc:datafield tag="040" ind1=" " ind2=" "><marc:subfield code="a">Uk</marc:subfield><marc:subfield code="c">Uk</marc:subfield></marc:datafield><marc:datafield tag="100" ind1="1" ind2=" "><marc:subfield code="a">Allent, Pierre Alexandre Joseph,</marc:subfield><marc:subfield code="d">1772-1837.</marc:subfield></marc:datafield><marc:datafield tag="245" ind1="1" ind2="0"><marc:subfield code="a">Mémoire sur la réunion de l'artillerie et du génie adressé au premier Consul de la République Française. [The dedication signed: A. A.]</marc:subfield></marc:datafield><marc:datafield tag="260" ind1=" " ind2=" "><marc:subfield code="a">pp. xii. Paris, an IX, 1800.</marc:subfield></marc:datafield><marc:datafield tag="300" ind1=" " ind2=" "><marc:subfield code="a">8º.</marc:subfield></marc:datafield><marc:datafield tag="500" ind1=" " ind2=" "><marc:subfield code="a">Imperfect; containing only the dedication and table of contents.</marc:subfield></marc:datafield><marc:datafield tag="710" ind1="1" ind2=" "><marc:subfield code="a">France.</marc:subfield><marc:subfield code="b">Armée.</marc:subfield><marc:subfield code="t">Appendix.</marc:subfield></marc:datafield><marc:datafield tag="852" ind1="4" ind2="1"><marc:subfield code="a">British Library</marc:subfield><marc:subfield code="b">HMNTS</marc:subfield><marc:subfield code="j">F.946.(19.)</marc:subfield></marc:datafield><marc:datafield tag="886" ind1="2" ind2=" "><marc:subfield code="2">blmarc</marc:subfield><marc:subfield code="a">709</marc:subfield><marc:subfield code="b">00</marc:subfield><marc:subfield code="a">FRANCE</marc:subfield><marc:subfield code="d">Departments of State and Other Official Bodies</marc:subfield><marc:subfield code="d">Army</marc:subfield><marc:subfield code="t">Appendix</marc:subfield><marc:subfield code="p">F.946.(19.)</marc:subfield><marc:subfield code="x">113369019X</marc:subfield></marc:datafield></marc:record>