
<marc:record><marc:leader>00948cam a22001933  4500</marc:leader>
<marc:controlfield tag="001">000000189</marc:controlfield>
<marc:controlfield tag="003">Uk</marc:controlfield><marc:controlfield tag="005">20071207125820.0</marc:controlfield><marc:controlfield tag="008">870813|1850|||||||    ||     ||| |||||  </marc:controlfield><marc:datafield tag="040" ind1=" " ind2=" "><marc:subfield code="a">Uk</marc:subfield><marc:subfield code="c">Uk</marc:subfield></marc:datafield><marc:datafield tag="100" ind1="1" ind2=" "><marc:subfield code="a">Audenet, Adolphe,</marc:subfield><marc:subfield code="d">1800-1872.</marc:subfield></marc:datafield><marc:datafield tag="245" ind1="1" ind2="0"><marc:subfield code="a">M. Libri, le National et le Moniteur, article extrait du journal l'Assemblée nationale, Nº. du 14 septembre 1849. [Signed: A. A.] Suivi d'une lettre de M. Libri à M. de la Valette.</marc:subfield></marc:datafield><marc:datafield tag="260" ind1=" " ind2=" "><marc:subfield code="a">Paris,</marc:subfield><marc:subfield code="c">1850.</marc:subfield></marc:datafield><marc:datafield tag="300" ind1=" " ind2=" "><marc:subfield code="a">11 p. ;</marc:subfield><marc:subfield code="c">8º.</marc:subfield></marc:datafield><marc:datafield tag="655" ind1=" " ind2="4"><marc:subfield code="a">Periodical publications.- Paris. [Gazette nationale, ou le Moniteur universel.]</marc:subfield></marc:datafield><marc:datafield tag="700" ind1="1" ind2=" "><marc:subfield code="a">Libri, Guillaume,</marc:subfield><marc:subfield code="d">1803-1869.</marc:subfield></marc:datafield><marc:datafield tag="852" ind1="4" ind2="1"><marc:subfield code="a">British Library</marc:subfield><marc:subfield code="b">HMNTS</marc:subfield><marc:subfield code="j">823.f.2.(4.)</marc:subfield></marc:datafield><marc:datafield tag="886" ind1="2" ind2=" "><marc:subfield code="2">blmarc</marc:subfield><marc:subfield code="a">709</marc:subfield><marc:subfield code="b">00</marc:subfield><marc:subfield code="a">LIBRI CARRUCCI DALLA SOMMAIA</marc:subfield><marc:subfield code="h">Guglielmo Bruto Icilio Timoleone</marc:subfield><marc:subfield code="f">Count</marc:subfield><marc:subfield code="t">Appendix</marc:subfield><marc:subfield code="p">823.f.2.(4.)</marc:subfield><marc:subfield code="x">1914660005</marc:subfield></marc:datafield><marc:datafield tag="886" ind1="2" ind2=" "><marc:subfield code="2">blmarc</marc:subfield><marc:subfield code="a">709</marc:subfield><marc:subfield code="b">00</marc:subfield><marc:subfield code="a">PERIODICAL PUBLICATIONS</marc:subfield><marc:subfield code="d">Paris</marc:subfield><marc:subfield code="t">[Gazette nationale, ou le Moniteur universel.]</marc:subfield><marc:subfield code="p">823.f.2.(4.)</marc:subfield><marc:subfield code="x">2541980191</marc:subfield></marc:datafield></marc:record>