
<marc:record><marc:leader>00473cam a22001577a 4500</marc:leader>
<marc:controlfield tag="001">000000194</marc:controlfield>
<marc:controlfield tag="003">Uk</marc:controlfield><marc:controlfield tag="005">20120208140526.0</marc:controlfield><marc:controlfield tag="008">950120m18431853enk    ||     00| 0|eng  </marc:controlfield><marc:datafield tag="040" ind1=" " ind2=" "><marc:subfield code="a">Uk</marc:subfield><marc:subfield code="c">Uk</marc:subfield></marc:datafield><marc:datafield tag="100" ind1="1" ind2=" "><marc:subfield code="a">Atkins, Anna,</marc:subfield><marc:subfield code="d">1799-1871.</marc:subfield></marc:datafield><marc:datafield tag="245" ind1="1" ind2="0"><marc:subfield code="a">Photographs of British Algae :</marc:subfield><marc:subfield code="b">Cyanotype impressions.</marc:subfield></marc:datafield><marc:datafield tag="260" ind1=" " ind2=" "><marc:subfield code="a">[London? ,</marc:subfield><marc:subfield code="c">1843-1853?].</marc:subfield></marc:datafield><marc:datafield tag="300" ind1=" " ind2=" "><marc:subfield code="a">8 vol. ;</marc:subfield><marc:subfield code="c">4º.</marc:subfield></marc:datafield><marc:datafield tag="500" ind1=" " ind2=" "><marc:subfield code="a">[The preface signed: A. A., i.e. Anna Atkins.]</marc:subfield></marc:datafield><marc:datafield tag="852" ind1="4" ind2="1"><marc:subfield code="a">British Library</marc:subfield><marc:subfield code="b">HMNTS</marc:subfield><marc:subfield code="j">C.192.c.1.(1-8.)</marc:subfield></marc:datafield></marc:record>