
<marc:record><marc:leader>00731cam a22001813  4500</marc:leader>
<marc:controlfield tag="001">000000200</marc:controlfield>
<marc:controlfield tag="003">Uk</marc:controlfield><marc:controlfield tag="005">20071203122749.0</marc:controlfield><marc:controlfield tag="008">870813|1866||||enk    ||     ||| |||||  </marc:controlfield><marc:datafield tag="040" ind1=" " ind2=" "><marc:subfield code="a">Uk</marc:subfield><marc:subfield code="c">Uk</marc:subfield></marc:datafield><marc:datafield tag="245" ind1="1" ind2="0"><marc:subfield code="a">Short Notice of the Life of the late Rev. James Reynolds, etc. [Signed: A. A., i.e. Arthur Ashpitel.]</marc:subfield></marc:datafield><marc:datafield tag="260" ind1=" " ind2=" "><marc:subfield code="a">[London] :</marc:subfield><marc:subfield code="b">Waterlow &amp; Sons,</marc:subfield><marc:subfield code="c">1866.</marc:subfield></marc:datafield><marc:datafield tag="300" ind1=" " ind2=" "><marc:subfield code="a">5 p. ;</marc:subfield><marc:subfield code="c">8º.</marc:subfield></marc:datafield><marc:datafield tag="700" ind1="1" ind2=" "><marc:subfield code="a">Ashpitel, Arthur,</marc:subfield><marc:subfield code="d">1807-1869</marc:subfield></marc:datafield><marc:datafield tag="700" ind1="1" ind2=" "><marc:subfield code="a">REYNOLDS, James,</marc:subfield><marc:subfield code="c">Incumbent of St. Mary's, Great Ilford.</marc:subfield></marc:datafield><marc:datafield tag="852" ind1="4" ind2="1"><marc:subfield code="a">British Library</marc:subfield><marc:subfield code="b">HMNTS</marc:subfield><marc:subfield code="j">1509/660.(6.)</marc:subfield></marc:datafield><marc:datafield tag="886" ind1="2" ind2=" "><marc:subfield code="2">blmarc</marc:subfield><marc:subfield code="a">709</marc:subfield><marc:subfield code="b">00</marc:subfield><marc:subfield code="a">ASHPITEL</marc:subfield><marc:subfield code="h">Arthur</marc:subfield><marc:subfield code="p">1509/660.(6.)</marc:subfield><marc:subfield code="x">0123730163</marc:subfield></marc:datafield><marc:datafield tag="886" ind1="2" ind2=" "><marc:subfield code="2">blmarc</marc:subfield><marc:subfield code="a">709</marc:subfield><marc:subfield code="b">00</marc:subfield><marc:subfield code="a">REYNOLDS</marc:subfield><marc:subfield code="h">James</marc:subfield><marc:subfield code="f">Incumbent of St. Mary's, Great Ilford</marc:subfield><marc:subfield code="p">1509/660.(6.)</marc:subfield><marc:subfield code="x">2742850317</marc:subfield></marc:datafield></marc:record>