
<marc:record><marc:leader>00917cam a22001693  4500</marc:leader>
<marc:controlfield tag="001">000000213</marc:controlfield>
<marc:controlfield tag="003">Uk</marc:controlfield><marc:controlfield tag="005">20110311165800.0</marc:controlfield><marc:controlfield tag="008">870813|1861|||||||    ||     ||| |||||  </marc:controlfield><marc:datafield tag="040" ind1=" " ind2=" "><marc:subfield code="a">Uk</marc:subfield><marc:subfield code="c">Uk</marc:subfield></marc:datafield><marc:datafield tag="100" ind1="1" ind2=" "><marc:subfield code="a">A., A. d.</marc:subfield></marc:datafield><marc:datafield tag="245" ind1="1" ind2="0"><marc:subfield code="a">Beleuchtung der Broschüre “Warum unterlag Oesterreich, von A. d. A.” Nebst Erörterungen über einige Ursachen des Verlustes der Schlacht von Solferino.</marc:subfield></marc:datafield><marc:datafield tag="260" ind1=" " ind2=" "><marc:subfield code="a">Wien,</marc:subfield><marc:subfield code="c">1861.</marc:subfield></marc:datafield><marc:datafield tag="300" ind1=" " ind2=" "><marc:subfield code="a">90 p. ;</marc:subfield><marc:subfield code="c">8º.</marc:subfield></marc:datafield><marc:datafield tag="710" ind1="1" ind2=" "><marc:subfield code="a">Austria.</marc:subfield><marc:subfield code="t">Appendix. History and Politics. Warum unterlag Oesterreich ... Militärisch-politische Aphorismen über die Ereignisse des Jahres 1859 in Italien von A. d. A., etc.</marc:subfield></marc:datafield><marc:datafield tag="852" ind1="4" ind2="1"><marc:subfield code="a">British Library</marc:subfield><marc:subfield code="b">HMNTS</marc:subfield><marc:subfield code="j">8828.ff.28.(4.)</marc:subfield></marc:datafield><marc:datafield tag="886" ind1="2" ind2=" "><marc:subfield code="2">blmarc</marc:subfield><marc:subfield code="a">709</marc:subfield><marc:subfield code="b">00</marc:subfield><marc:subfield code="a">AUSTRIA</marc:subfield><marc:subfield code="t">Appendix</marc:subfield><marc:subfield code="t">History and Politics</marc:subfield><marc:subfield code="t">Warum unterlag Oesterreich ... Militärisch-politische Aphorismen über die Ereignisse des Jahres 1859 in Italien von A. d. A., etc.</marc:subfield><marc:subfield code="p">8828.ff.28.(4.)</marc:subfield><marc:subfield code="x">0143460005</marc:subfield></marc:datafield></marc:record>