
<marc:record><marc:leader>00751cam a22001933  4500</marc:leader>
<marc:controlfield tag="001">000000214</marc:controlfield>
<marc:controlfield tag="003">Uk</marc:controlfield><marc:controlfield tag="005">20110119131900.0</marc:controlfield><marc:controlfield tag="008">870813|1861|||||||    ||     ||| |||||  </marc:controlfield><marc:datafield tag="040" ind1=" " ind2=" "><marc:subfield code="a">Uk</marc:subfield><marc:subfield code="c">Uk</marc:subfield></marc:datafield><marc:datafield tag="100" ind1="1" ind2=" "><marc:subfield code="a">A., A. d.</marc:subfield></marc:datafield><marc:datafield tag="245" ind1="1" ind2="0"><marc:subfield code="a">Examen de la brochure Pourquoi l'Autriche a-t-elle été vaincue? de A. d. A. ... Traduit de l'allemand par J. Paulet.</marc:subfield></marc:datafield><marc:datafield tag="260" ind1=" " ind2=" "><marc:subfield code="a">Paris,</marc:subfield><marc:subfield code="c">1861.</marc:subfield></marc:datafield><marc:datafield tag="300" ind1=" " ind2=" "><marc:subfield code="a">146 p. ;</marc:subfield><marc:subfield code="c">8º.</marc:subfield></marc:datafield><marc:datafield tag="700" ind1="1" ind2=" "><marc:subfield code="a">PAULET, J.,</marc:subfield><marc:subfield code="c">pseud. [i.e. Charles Soye.]</marc:subfield></marc:datafield><marc:datafield tag="710" ind1="1" ind2=" "><marc:subfield code="a">Austria.</marc:subfield><marc:subfield code="t">Appendix. History and Politics</marc:subfield></marc:datafield><marc:datafield tag="852" ind1="4" ind2="1"><marc:subfield code="a">British Library</marc:subfield><marc:subfield code="b">HMNTS</marc:subfield><marc:subfield code="j">9150.g.14.</marc:subfield></marc:datafield><marc:datafield tag="886" ind1="2" ind2=" "><marc:subfield code="2">blmarc</marc:subfield><marc:subfield code="a">709</marc:subfield><marc:subfield code="b">00</marc:subfield><marc:subfield code="a">AUSTRIA</marc:subfield><marc:subfield code="t">Appendix</marc:subfield><marc:subfield code="t">History and Politics</marc:subfield><marc:subfield code="p">9150.g.14.</marc:subfield><marc:subfield code="x">0143410342</marc:subfield></marc:datafield><marc:datafield tag="886" ind1="2" ind2=" "><marc:subfield code="2">blmarc</marc:subfield><marc:subfield code="a">709</marc:subfield><marc:subfield code="b">00</marc:subfield><marc:subfield code="a">PAULET</marc:subfield><marc:subfield code="h">J.</marc:subfield><marc:subfield code="f">pseud. [i.e. Charles Soye.]</marc:subfield><marc:subfield code="p">9150.g.14.</marc:subfield><marc:subfield code="x">2492610098</marc:subfield></marc:datafield></marc:record>