
<marc:record><marc:leader>00671cam a22001693  4500</marc:leader>
<marc:controlfield tag="001">000000219</marc:controlfield>
<marc:controlfield tag="003">Uk</marc:controlfield><marc:controlfield tag="005">20110119131900.0</marc:controlfield><marc:controlfield tag="008">870813|1822|||||||    ||     ||| |||||  </marc:controlfield><marc:datafield tag="040" ind1=" " ind2=" "><marc:subfield code="a">Uk</marc:subfield><marc:subfield code="c">Uk</marc:subfield></marc:datafield><marc:datafield tag="100" ind1="1" ind2=" "><marc:subfield code="a">A., A. A.</marc:subfield></marc:datafield><marc:datafield tag="245" ind1="1" ind2="0"><marc:subfield code="a">La Nulidad de los Tratados de Cordoba [of 24 Aug. 1821] resuelta por la España. [Signed: A. A. A.]</marc:subfield></marc:datafield><marc:datafield tag="260" ind1=" " ind2=" "><marc:subfield code="a">México,</marc:subfield><marc:subfield code="c">1822.</marc:subfield></marc:datafield><marc:datafield tag="300" ind1=" " ind2=" "><marc:subfield code="a">11 p. ;</marc:subfield><marc:subfield code="c">4º.</marc:subfield></marc:datafield><marc:datafield tag="710" ind1="1" ind2=" "><marc:subfield code="a">Mexico.</marc:subfield><marc:subfield code="t">Laws, etc.. II. Separate Laws, etc.. O-Donojú (Juan) Viceroy. [1821.]</marc:subfield></marc:datafield><marc:datafield tag="852" ind1="4" ind2="1"><marc:subfield code="a">British Library</marc:subfield><marc:subfield code="b">HMNTS</marc:subfield><marc:subfield code="j">9770.bb.12.(35.)</marc:subfield></marc:datafield><marc:datafield tag="886" ind1="2" ind2=" "><marc:subfield code="2">blmarc</marc:subfield><marc:subfield code="a">709</marc:subfield><marc:subfield code="b">00</marc:subfield><marc:subfield code="a">MEXICO</marc:subfield><marc:subfield code="t">Laws, etc.</marc:subfield><marc:subfield code="t">II. Separate Laws, etc.</marc:subfield><marc:subfield code="t">O-Donojú (Juan) Viceroy. [1821.]</marc:subfield><marc:subfield code="p">9770.bb.12.(35.)</marc:subfield><marc:subfield code="x">2200080034</marc:subfield></marc:datafield></marc:record>