
<marc:record><marc:leader>01029cam a22001933  4500</marc:leader>
<marc:controlfield tag="001">000000221</marc:controlfield>
<marc:controlfield tag="003">Uk</marc:controlfield><marc:controlfield tag="005">20110311165800.0</marc:controlfield><marc:controlfield tag="008">870813|1869|||||||    ||     ||| |||||  </marc:controlfield><marc:datafield tag="040" ind1=" " ind2=" "><marc:subfield code="a">Uk</marc:subfield><marc:subfield code="c">Uk</marc:subfield></marc:datafield><marc:datafield tag="100" ind1="1" ind2=" "><marc:subfield code="a">A., A. B.</marc:subfield></marc:datafield><marc:datafield tag="245" ind1="1" ind2="0"><marc:subfield code="a">Illustrations Poitevines. Le Chevalier de Méré, son véritable nom patronymique, sa famille. Études biographiques accompagnées d'une généalogie inédite de la maison des Gombaud sgrs de Briaigne, de Champfleury, de Beaussay et de Méré ... par Léon de Beaumont, évêque de Saintes. Extrait de la Revue de l'Aunis, de la Saintonge et du Poitou. [The preface signed: A. B. A.]</marc:subfield></marc:datafield><marc:datafield tag="260" ind1=" " ind2=" "><marc:subfield code="a">Niort,</marc:subfield><marc:subfield code="c">1869.</marc:subfield></marc:datafield><marc:datafield tag="300" ind1=" " ind2=" "><marc:subfield code="a">44 p. ;</marc:subfield><marc:subfield code="c">8º.</marc:subfield></marc:datafield><marc:datafield tag="700" ind1="1" ind2=" "><marc:subfield code="a">BEAUMONT, Léon de,</marc:subfield><marc:subfield code="c">Bishop of Saintes.</marc:subfield></marc:datafield><marc:datafield tag="700" ind1="1" ind2=" "><marc:subfield code="a">GOMBAUD, Antoine,</marc:subfield><marc:subfield code="c">Chevalier de Méré.</marc:subfield></marc:datafield><marc:datafield tag="852" ind1="4" ind2="1"><marc:subfield code="a">British Library</marc:subfield><marc:subfield code="b">HMNTS</marc:subfield><marc:subfield code="j">10661.k.13.</marc:subfield></marc:datafield><marc:datafield tag="886" ind1="2" ind2=" "><marc:subfield code="2">blmarc</marc:subfield><marc:subfield code="a">709</marc:subfield><marc:subfield code="b">00</marc:subfield><marc:subfield code="a">BEAUMONT</marc:subfield><marc:subfield code="h">Léon de</marc:subfield><marc:subfield code="f">Bishop of Saintes</marc:subfield><marc:subfield code="p">10661.k.13.</marc:subfield><marc:subfield code="x">0222980354</marc:subfield></marc:datafield><marc:datafield tag="886" ind1="2" ind2=" "><marc:subfield code="2">blmarc</marc:subfield><marc:subfield code="a">709</marc:subfield><marc:subfield code="b">00</marc:subfield><marc:subfield code="a">GOMBAUD</marc:subfield><marc:subfield code="h">Antoine</marc:subfield><marc:subfield code="f">Chevalier de Méré</marc:subfield><marc:subfield code="p">10661.k.13.</marc:subfield><marc:subfield code="x">1280800046</marc:subfield></marc:datafield></marc:record>