
<marc:record><marc:leader>00573cam a22001693  4500</marc:leader>
<marc:controlfield tag="001">000000231</marc:controlfield>
<marc:controlfield tag="003">Uk</marc:controlfield><marc:controlfield tag="005">20130521172200.0</marc:controlfield><marc:controlfield tag="008">870813|1878||||enk    ||     ||| |||||  </marc:controlfield><marc:datafield tag="040" ind1=" " ind2=" "><marc:subfield code="a">Uk</marc:subfield><marc:subfield code="c">Uk</marc:subfield></marc:datafield><marc:datafield tag="100" ind1="1" ind2=" "><marc:subfield code="a">A., A. H.</marc:subfield></marc:datafield><marc:datafield tag="245" ind1="1" ind2="0"><marc:subfield code="a">Islam. By A. H. A. [i.e. Andrew Hilliard Atteridge]. Reprinted ... from the “Dublin Review.”.</marc:subfield></marc:datafield><marc:datafield tag="260" ind1=" " ind2=" "><marc:subfield code="a">London :</marc:subfield><marc:subfield code="b">Burns &amp; Oates,</marc:subfield><marc:subfield code="c">1878.</marc:subfield></marc:datafield><marc:datafield tag="300" ind1=" " ind2=" "><marc:subfield code="a">32 p. ;</marc:subfield><marc:subfield code="c">8º.</marc:subfield></marc:datafield><marc:datafield tag="700" ind1="1" ind2=" "><marc:subfield code="a">ATTERIDGE, Andrew Hilliard.</marc:subfield></marc:datafield><marc:datafield tag="852" ind1="4" ind2="1"><marc:subfield code="a">British Library</marc:subfield><marc:subfield code="b">HMNTS</marc:subfield><marc:subfield code="j">4503.f.1.(10.)</marc:subfield></marc:datafield><marc:datafield tag="886" ind1="2" ind2=" "><marc:subfield code="2">blmarc</marc:subfield><marc:subfield code="a">709</marc:subfield><marc:subfield code="b">00</marc:subfield><marc:subfield code="a">ATTERIDGE</marc:subfield><marc:subfield code="h">Andrew Hilliard</marc:subfield><marc:subfield code="p">4503.f.1.(10.)</marc:subfield><marc:subfield code="x">0132630125</marc:subfield></marc:datafield></marc:record>