
<marc:record><marc:leader>00852cam a22002173  4500</marc:leader>
<marc:controlfield tag="001">000000233</marc:controlfield>
<marc:controlfield tag="003">Uk</marc:controlfield><marc:controlfield tag="005">20110311165800.0</marc:controlfield><marc:controlfield tag="008">870813|1888|||||||    ||     ||| |||||  </marc:controlfield><marc:datafield tag="040" ind1=" " ind2=" "><marc:subfield code="a">Uk</marc:subfield><marc:subfield code="c">Uk</marc:subfield></marc:datafield><marc:datafield tag="100" ind1="1" ind2=" "><marc:subfield code="a">A., A. L.</marc:subfield></marc:datafield><marc:datafield tag="245" ind1="1" ind2="0"><marc:subfield code="a">Pour la Patrie et pour la République. Pourquoi nous aimons le général Boulanger. Par A. L. A. [i.e. MM. Alvin and Achille.]</marc:subfield></marc:datafield><marc:datafield tag="260" ind1=" " ind2=" "><marc:subfield code="a">Tours,</marc:subfield><marc:subfield code="c">1888.</marc:subfield></marc:datafield><marc:datafield tag="300" ind1=" " ind2=" "><marc:subfield code="a">8 p. ;</marc:subfield><marc:subfield code="c">8º.</marc:subfield></marc:datafield><marc:datafield tag="700" ind1="0" ind2=" "><marc:subfield code="a">ALVIN,</marc:subfield><marc:subfield code="c">and ACHILLE ( )</marc:subfield></marc:datafield><marc:datafield tag="700" ind1="1" ind2=" "><marc:subfield code="a">BOULANGER, Georges Ernest Jean Marie.</marc:subfield><marc:subfield code="t">Appendix.</marc:subfield></marc:datafield><marc:datafield tag="720" ind1=" " ind2=" "><marc:subfield code="a">ACHILLE</marc:subfield></marc:datafield><marc:datafield tag="852" ind1="4" ind2="1"><marc:subfield code="a">British Library</marc:subfield><marc:subfield code="b">HMNTS</marc:subfield><marc:subfield code="j">8052.bbb.11.(2.)</marc:subfield></marc:datafield><marc:datafield tag="886" ind1="2" ind2=" "><marc:subfield code="2">blmarc</marc:subfield><marc:subfield code="a">709</marc:subfield><marc:subfield code="b">00</marc:subfield><marc:subfield code="a">ACHILLE</marc:subfield><marc:subfield code="p">8052.bbb.11.(2.)</marc:subfield><marc:subfield code="x">0020090102</marc:subfield></marc:datafield><marc:datafield tag="886" ind1="2" ind2=" "><marc:subfield code="2">blmarc</marc:subfield><marc:subfield code="a">709</marc:subfield><marc:subfield code="b">00</marc:subfield><marc:subfield code="a">ALVIN</marc:subfield><marc:subfield code="f">and ACHILLE ( )</marc:subfield><marc:subfield code="p">8052.bbb.11.(2.)</marc:subfield><marc:subfield code="x">0064090299</marc:subfield></marc:datafield><marc:datafield tag="886" ind1="2" ind2=" "><marc:subfield code="2">blmarc</marc:subfield><marc:subfield code="a">709</marc:subfield><marc:subfield code="b">00</marc:subfield><marc:subfield code="a">BOULANGER</marc:subfield><marc:subfield code="h">Georges Ernest Jean Marie</marc:subfield><marc:subfield code="t">Appendix</marc:subfield><marc:subfield code="p">8052.bbb.11.(2.)</marc:subfield><marc:subfield code="x">0391410261</marc:subfield></marc:datafield></marc:record>