
<marc:record><marc:leader>00792cam a22002053  4500</marc:leader>
<marc:controlfield tag="001">000000241</marc:controlfield>
<marc:controlfield tag="003">Uk</marc:controlfield><marc:controlfield tag="005">20111222151700.0</marc:controlfield><marc:controlfield tag="008">870813|1869|||||||    ||     ||| |||||  </marc:controlfield><marc:datafield tag="040" ind1=" " ind2=" "><marc:subfield code="a">Uk</marc:subfield><marc:subfield code="c">Uk</marc:subfield></marc:datafield><marc:datafield tag="100" ind1="1" ind2=" "><marc:subfield code="a">A., A. M. C.</marc:subfield></marc:datafield><marc:datafield tag="245" ind1="1" ind2="0"><marc:subfield code="a">Annie de Vere. A tale for the nineteenth century. By A. M. C. A.</marc:subfield></marc:datafield><marc:datafield tag="260" ind1=" " ind2=" "><marc:subfield code="a">London :</marc:subfield><marc:subfield code="b">William Mackintosh,</marc:subfield><marc:subfield code="c">1869.</marc:subfield></marc:datafield><marc:datafield tag="300" ind1=" " ind2=" "><marc:subfield code="a">179 p. ;</marc:subfield><marc:subfield code="c">8º.</marc:subfield></marc:datafield><marc:datafield tag="700" ind1="1" ind2=" "><marc:subfield code="a">DE VERE, Annie.</marc:subfield></marc:datafield><marc:datafield tag="700" ind1="1" ind2=" "><marc:subfield code="a">VERE, Annie de.</marc:subfield></marc:datafield><marc:datafield tag="775" ind1="0" ind2=" "><marc:subfield code="t">[Annie de Vere. A tale for the nineteenth century. By A. M. C. A.]</marc:subfield><marc:subfield code="d">pp. 179. Elliot Stock: London, 1879. 8º.</marc:subfield><marc:subfield code="w">(Uk)MP1.0000000239.1</marc:subfield></marc:datafield><marc:datafield tag="852" ind1="4" ind2="1"><marc:subfield code="a">British Library</marc:subfield><marc:subfield code="b">HMNTS</marc:subfield><marc:subfield code="j">4414.g.10.</marc:subfield></marc:datafield><marc:datafield tag="886" ind1="2" ind2=" "><marc:subfield code="2">blmarc</marc:subfield><marc:subfield code="a">709</marc:subfield><marc:subfield code="b">00</marc:subfield><marc:subfield code="a">DE VERE</marc:subfield><marc:subfield code="h">Annie</marc:subfield><marc:subfield code="p">4414.g.10.</marc:subfield><marc:subfield code="x">0820220272</marc:subfield><marc:subfield code="p">4422.k.7.</marc:subfield><marc:subfield code="x">0820220272</marc:subfield></marc:datafield><marc:datafield tag="886" ind1="2" ind2=" "><marc:subfield code="2">blmarc</marc:subfield><marc:subfield code="a">709</marc:subfield><marc:subfield code="b">00</marc:subfield><marc:subfield code="a">VERE</marc:subfield><marc:subfield code="h">Annie de</marc:subfield><marc:subfield code="p">4414.g.10.</marc:subfield><marc:subfield code="x">3383030172</marc:subfield></marc:datafield></marc:record>