
<marc:record><marc:leader>01368cam a22002293  4500</marc:leader>
<marc:controlfield tag="001">000000258</marc:controlfield>
<marc:controlfield tag="003">Uk</marc:controlfield><marc:controlfield tag="005">20110119131900.0</marc:controlfield><marc:controlfield tag="008">870813|1814|||||||    ||     ||| |||||  </marc:controlfield><marc:datafield tag="040" ind1=" " ind2=" "><marc:subfield code="a">Uk</marc:subfield><marc:subfield code="c">Uk</marc:subfield></marc:datafield><marc:datafield tag="100" ind1="1" ind2=" "><marc:subfield code="a">A...., Al....</marc:subfield></marc:datafield><marc:datafield tag="245" ind1="1" ind2="0"><marc:subfield code="a">Journal historique des opérations militaires de la 7e division de cavalerie légère polonaise, faisant partie du 4e corps de la cavalerie de réserve sous les ordres de M. le Général de division Sokolnicki; depuis la reprise des hostilités au mois d'août 1813, jusqu'au passage du Rhin, au mois de novembre de la même année, etc. [Signed: Al.... A...., Chef de bataillon du génie i.e. Alexandre d'Alfonce.]</marc:subfield></marc:datafield><marc:datafield tag="260" ind1=" " ind2=" "><marc:subfield code="a">Paris,</marc:subfield><marc:subfield code="c">1814.</marc:subfield></marc:datafield><marc:datafield tag="300" ind1=" " ind2=" "><marc:subfield code="a">84 p. ;</marc:subfield><marc:subfield code="c">8º.</marc:subfield></marc:datafield><marc:datafield tag="700" ind1="1" ind2=" "><marc:subfield code="a">ALFONCE, Alexandre d'.</marc:subfield></marc:datafield><marc:datafield tag="710" ind1="1" ind2=" "><marc:subfield code="a">France.</marc:subfield><marc:subfield code="t">Appendix. History and Politics. Campaigns and Battles</marc:subfield></marc:datafield><marc:datafield tag="720" ind1=" " ind2=" "><marc:subfield code="a">JOURNAL</marc:subfield></marc:datafield><marc:datafield tag="852" ind1="4" ind2="1"><marc:subfield code="a">British Library</marc:subfield><marc:subfield code="b">HMNTS</marc:subfield><marc:subfield code="j">9077.c.7.</marc:subfield></marc:datafield><marc:datafield tag="852" ind1="4" ind2="1"><marc:subfield code="a">British Library</marc:subfield><marc:subfield code="b">HMNTS</marc:subfield><marc:subfield code="j">R.284.(1.)</marc:subfield><marc:subfield code="3">[Another copy.] Journal historique des opérations militaires de la 7e division de cavalerie légère polonaise, etc. Paris, 1814. 8º.</marc:subfield></marc:datafield><marc:datafield tag="886" ind1="2" ind2=" "><marc:subfield code="2">blmarc</marc:subfield><marc:subfield code="a">709</marc:subfield><marc:subfield code="b">00</marc:subfield><marc:subfield code="a">ALFONCE</marc:subfield><marc:subfield code="h">Alexandre d'</marc:subfield><marc:subfield code="p">R.284.(1.)</marc:subfield><marc:subfield code="x">0052280233</marc:subfield><marc:subfield code="p">9077.c.7.</marc:subfield><marc:subfield code="x">0052280233</marc:subfield></marc:datafield><marc:datafield tag="886" ind1="2" ind2=" "><marc:subfield code="2">blmarc</marc:subfield><marc:subfield code="a">709</marc:subfield><marc:subfield code="b">00</marc:subfield><marc:subfield code="a">FRANCE</marc:subfield><marc:subfield code="t">Appendix</marc:subfield><marc:subfield code="t">History and Politics</marc:subfield><marc:subfield code="t">Campaigns and Battles</marc:subfield><marc:subfield code="p">9077.c.7.</marc:subfield><marc:subfield code="x">1136320113</marc:subfield></marc:datafield><marc:datafield tag="886" ind1="2" ind2=" "><marc:subfield code="2">blmarc</marc:subfield><marc:subfield code="a">709</marc:subfield><marc:subfield code="b">00</marc:subfield><marc:subfield code="a">JOURNAL</marc:subfield><marc:subfield code="p">9077.c.7.</marc:subfield><marc:subfield code="x">1684650399</marc:subfield></marc:datafield></marc:record>