
<marc:record><marc:leader>00990cam a22002173  4500</marc:leader>
<marc:controlfield tag="001">000000268</marc:controlfield>
<marc:controlfield tag="003">Uk</marc:controlfield><marc:controlfield tag="005">20111222151700.0</marc:controlfield><marc:controlfield tag="008">930616|1887||||ii     ||     ||| |||||  </marc:controlfield><marc:datafield tag="040" ind1=" " ind2=" "><marc:subfield code="a">Uk</marc:subfield><marc:subfield code="c">Uk</marc:subfield></marc:datafield><marc:datafield tag="100" ind1="1" ind2=" "><marc:subfield code="a">A., B.</marc:subfield></marc:datafield><marc:datafield tag="245" ind1="1" ind2="0"><marc:subfield code="a">Indo-Anglian Literature ... Second issue. (The preface signed: B. A. (i.e. Sir Edward Charles Buck, KC51).</marc:subfield></marc:datafield><marc:datafield tag="260" ind1=" " ind2=" "><marc:subfield code="a">Calcutta :</marc:subfield><marc:subfield code="b">Thacker, Spink &amp; Co.,</marc:subfield><marc:subfield code="c">1887.</marc:subfield></marc:datafield><marc:datafield tag="300" ind1=" " ind2=" "><marc:subfield code="a">139 p. ;</marc:subfield><marc:subfield code="c">8º.</marc:subfield></marc:datafield><marc:datafield tag="500" ind1=" " ind2=" "><marc:subfield code="a">For private circulation only.</marc:subfield></marc:datafield><marc:datafield tag="700" ind1="1" ind2=" "><marc:subfield code="a">BUCK, Edward Charles,</marc:subfield><marc:subfield code="c">Sir,</marc:subfield><marc:subfield code="c">K.C.S.I.</marc:subfield></marc:datafield><marc:datafield tag="720" ind1=" " ind2=" "><marc:subfield code="a">INDO-ANGLIAN LITERATURE</marc:subfield></marc:datafield><marc:datafield tag="787" ind1="0" ind2=" "><marc:subfield code="t">The preface signed: B. A. (i.e. Sir Edward Charles Buck, KC51)</marc:subfield><marc:subfield code="d">pp. vi. 209. Thacker, Spink &amp; Co.: Calcutta &amp; Simla, 1907. 8º.</marc:subfield><marc:subfield code="w">(Uk)MP1.0000000265.1</marc:subfield></marc:datafield><marc:datafield tag="852" ind1="4" ind2="1"><marc:subfield code="a">British Library</marc:subfield><marc:subfield code="b">HMNTS</marc:subfield><marc:subfield code="j">X.907/1940.</marc:subfield></marc:datafield><marc:datafield tag="886" ind1="2" ind2=" "><marc:subfield code="2">blmarc</marc:subfield><marc:subfield code="a">709</marc:subfield><marc:subfield code="b">00</marc:subfield><marc:subfield code="a">BUCK</marc:subfield><marc:subfield code="e">Sir</marc:subfield><marc:subfield code="h">Edward Charles</marc:subfield><marc:subfield code="f">K.C.S.I.</marc:subfield><marc:subfield code="p">X.907/1940.</marc:subfield><marc:subfield code="x">0461880377</marc:subfield><marc:subfield code="p">12315.aaa.55.</marc:subfield><marc:subfield code="x">0461880385</marc:subfield></marc:datafield><marc:datafield tag="886" ind1="2" ind2=" "><marc:subfield code="2">blmarc</marc:subfield><marc:subfield code="a">709</marc:subfield><marc:subfield code="b">00</marc:subfield><marc:subfield code="a">INDO-ANGLIAN LITERATURE</marc:subfield><marc:subfield code="p">X.907/1940.</marc:subfield><marc:subfield code="x">158313025X</marc:subfield><marc:subfield code="p">12315.aaa.55.</marc:subfield><marc:subfield code="x">1583130268</marc:subfield></marc:datafield></marc:record>