
<marc:record><marc:leader>00891cam a22001933  4500</marc:leader>
<marc:controlfield tag="001">000000271</marc:controlfield>
<marc:controlfield tag="003">Uk</marc:controlfield><marc:controlfield tag="005">20110119131900.0</marc:controlfield><marc:controlfield tag="008">960426|1808|||||||    ||    |||| |||||  </marc:controlfield><marc:datafield tag="040" ind1=" " ind2=" "><marc:subfield code="a">Uk</marc:subfield><marc:subfield code="c">Uk</marc:subfield></marc:datafield><marc:datafield tag="245" ind1="1" ind2="0"><marc:subfield code="a">Orthographia Vngarica. Azaz igaz iraz Modiarol valo tudomañ Maǵar ñelvenn irattatott. Mostan pedig vionnan meg igazÿtatott, es ki niomtatott ... 1549. [By M. Biró Dévai. With a preface by B. A., i.e. Benedek Abádi, the printer of another edition.]</marc:subfield></marc:datafield><marc:datafield tag="580" ind1=" " ind2=" "><marc:subfield code="a">In: Kazinczy (F.) Magyar régiségek, etc. Köt. I. 1808. 8º.</marc:subfield></marc:datafield><marc:datafield tag="700" ind1="1" ind2=" "><marc:subfield code="a">A., B.</marc:subfield></marc:datafield><marc:datafield tag="700" ind1="1" ind2=" "><marc:subfield code="a">ABÁDI, Benedek.</marc:subfield></marc:datafield><marc:datafield tag="700" ind1="1" ind2=" "><marc:subfield code="a">BIRÓ, Mátyás,</marc:subfield><marc:subfield code="c">Dévay.</marc:subfield></marc:datafield><marc:datafield tag="720" ind1=" " ind2=" "><marc:subfield code="a">HUNGARIAN ORTHOGRAPHY</marc:subfield><marc:subfield code="e">main entry</marc:subfield></marc:datafield><marc:datafield tag="852" ind1="4" ind2="1"><marc:subfield code="a">British Library</marc:subfield><marc:subfield code="b">HMNTS</marc:subfield><marc:subfield code="j">12976.e.5.</marc:subfield></marc:datafield><marc:datafield tag="886" ind1="2" ind2=" "><marc:subfield code="2">blmarc</marc:subfield><marc:subfield code="a">709</marc:subfield><marc:subfield code="b">00</marc:subfield><marc:subfield code="a">ABÁDI</marc:subfield><marc:subfield code="h">Benedek</marc:subfield><marc:subfield code="p">12976.e.5.</marc:subfield><marc:subfield code="x">0011150092</marc:subfield></marc:datafield><marc:datafield tag="886" ind1="2" ind2=" "><marc:subfield code="2">blmarc</marc:subfield><marc:subfield code="a">709</marc:subfield><marc:subfield code="b">00</marc:subfield><marc:subfield code="a">BIRÓ</marc:subfield><marc:subfield code="h">Mátyás</marc:subfield><marc:subfield code="f">Dévay</marc:subfield><marc:subfield code="p">12976.e.5.</marc:subfield><marc:subfield code="x">0331220350</marc:subfield></marc:datafield></marc:record>