
<marc:record><marc:leader>00858cam a22001933  4500</marc:leader>
<marc:controlfield tag="001">000000280</marc:controlfield>
<marc:controlfield tag="003">Uk</marc:controlfield><marc:controlfield tag="005">20111222151700.0</marc:controlfield><marc:controlfield tag="008">980930|1895|||||||    ||     ||| |||||  </marc:controlfield><marc:datafield tag="040" ind1=" " ind2=" "><marc:subfield code="a">Uk</marc:subfield><marc:subfield code="c">Uk</marc:subfield></marc:datafield><marc:datafield tag="100" ind1="1" ind2=" "><marc:subfield code="a">A., B. v.</marc:subfield></marc:datafield><marc:datafield tag="245" ind1="1" ind2="0"><marc:subfield code="a">[Fürst Bismarck's deutsche Politik seit Begründung des neuen Reiches. Von B. v. A.]</marc:subfield></marc:datafield><marc:datafield tag="250" ind1=" " ind2=" "><marc:subfield code="a">[Another edition.]</marc:subfield></marc:datafield><marc:datafield tag="260" ind1=" " ind2=" "><marc:subfield code="a">Leipzig,</marc:subfield><marc:subfield code="c">[1895]</marc:subfield></marc:datafield><marc:datafield tag="300" ind1=" " ind2=" "><marc:subfield code="a">126 p. ;</marc:subfield><marc:subfield code="c">8º.</marc:subfield></marc:datafield><marc:datafield tag="700" ind1="1" ind2=" "><marc:subfield code="a">BISMARCK-SCHOENHAUSEN, Otto Eduard Leopold von,</marc:subfield><marc:subfield code="c">Prince.</marc:subfield><marc:subfield code="t">Appendix. II. Politics.</marc:subfield></marc:datafield><marc:datafield tag="787" ind1="0" ind2=" "><marc:subfield code="t">Fürst Bismarck's deutsche Politik seit Begründung des neuen Reiches. Von B. v. A.</marc:subfield><marc:subfield code="d">pp. 126. Leipzig &amp; Berlin, 1890. 8º.</marc:subfield><marc:subfield code="w">(Uk)MP1.0000000275</marc:subfield></marc:datafield><marc:datafield tag="852" ind1="4" ind2="1"><marc:subfield code="a">British Library</marc:subfield><marc:subfield code="b">HMNTS</marc:subfield><marc:subfield code="j">8074.ee.49.</marc:subfield></marc:datafield><marc:datafield tag="886" ind1="2" ind2=" "><marc:subfield code="2">blmarc</marc:subfield><marc:subfield code="a">709</marc:subfield><marc:subfield code="b">00</marc:subfield><marc:subfield code="a">BISMARCK-SCHOENHAUSEN</marc:subfield><marc:subfield code="h">Otto Eduard Leopold von</marc:subfield><marc:subfield code="f">Prince</marc:subfield><marc:subfield code="t">Appendix</marc:subfield><marc:subfield code="t">II. Politics</marc:subfield><marc:subfield code="p">8074.ee.32.</marc:subfield><marc:subfield code="p">8074.ee.49.</marc:subfield><marc:subfield code="x">0332200094</marc:subfield></marc:datafield></marc:record>