
<marc:record><marc:leader>01052cam a2200217 a 4500</marc:leader>
<marc:controlfield tag="001">000000283</marc:controlfield>
<marc:controlfield tag="003">Uk</marc:controlfield><marc:controlfield tag="005">20120829130508.0</marc:controlfield><marc:controlfield tag="008">870813s1847    hu            000 0 hun  </marc:controlfield><marc:datafield tag="040" ind1=" " ind2=" "><marc:subfield code="a">Uk</marc:subfield><marc:subfield code="c">Uk</marc:subfield><marc:subfield code="d">Uk</marc:subfield></marc:datafield><marc:datafield tag="100" ind1="1" ind2=" "><marc:subfield code="a">Bujanovics, Gyula.</marc:subfield></marc:datafield><marc:datafield tag="245" ind1="1" ind2="0"><marc:subfield code="a">Utóhang fenséges császsári királyi örökös főherczeg István Magyarország nádorává lett egykeblű szerencsés választására /</marc:subfield><marc:subfield code="c">A. B. Gy.</marc:subfield></marc:datafield><marc:datafield tag="260" ind1=" " ind2=" "><marc:subfield code="a">[Bratislava] :</marc:subfield><marc:subfield code="b">nyomatott Schmid Ferencz és Busch J. J. betűivel,</marc:subfield><marc:subfield code="c">1847.</marc:subfield></marc:datafield><marc:datafield tag="300" ind1=" " ind2=" "><marc:subfield code="a">[2] p. ;</marc:subfield><marc:subfield code="c">30 cm, 4º.</marc:subfield></marc:datafield><marc:datafield tag="500" ind1=" " ind2=" "><marc:subfield code="a">Signed: A. B. Gy. [i.e. Gyula Bujanovics].</marc:subfield></marc:datafield><marc:datafield tag="600" ind1="0" ind2="0"><marc:subfield code="a">Stephen Francis Victor,</marc:subfield><marc:subfield code="c">Archduke of Austria, Palatine of Hungary,</marc:subfield><marc:subfield code="d">1817-1867.</marc:subfield></marc:datafield><marc:datafield tag="651" ind1=" " ind2="0"><marc:subfield code="a">Hungary</marc:subfield><marc:subfield code="x">History</marc:subfield><marc:subfield code="y">1699-1848.</marc:subfield></marc:datafield><marc:datafield tag="651" ind1=" " ind2="0"><marc:subfield code="a">Hungary</marc:subfield><marc:subfield code="x">Politics and government</marc:subfield><marc:subfield code="y">1699-1848.</marc:subfield></marc:datafield><marc:datafield tag="852" ind1="4" ind2="1"><marc:subfield code="a">British Library</marc:subfield><marc:subfield code="b">HMNTS</marc:subfield><marc:subfield code="j">Hung.1.g.41.(2.)</marc:subfield></marc:datafield><marc:datafield tag="886" ind1="2" ind2=" "><marc:subfield code="2">blmarc</marc:subfield><marc:subfield code="a">709</marc:subfield><marc:subfield code="b">00</marc:subfield><marc:subfield code="a">BUJÁNOVICS</marc:subfield><marc:subfield code="h">Gyula</marc:subfield><marc:subfield code="p">Hung.1.g.41.(2.)</marc:subfield><marc:subfield code="x">0470230134</marc:subfield></marc:datafield><marc:datafield tag="886" ind1="2" ind2=" "><marc:subfield code="2">blmarc</marc:subfield><marc:subfield code="a">709</marc:subfield><marc:subfield code="b">00</marc:subfield><marc:subfield code="a">STEPHEN FRANCIS VICTOR, Archduke of Austria, Palatine of Hungary</marc:subfield><marc:subfield code="p">Hung.1.g.41.(2.)</marc:subfield><marc:subfield code="x">3124670094</marc:subfield></marc:datafield></marc:record>