
<marc:record><marc:leader>00824cam a22002173  4500</marc:leader>
<marc:controlfield tag="001">000000285</marc:controlfield>
<marc:controlfield tag="003">Uk</marc:controlfield><marc:controlfield tag="005">20121203201800.0</marc:controlfield><marc:controlfield tag="008">870813|1867|||||||    ||     ||| |||||  </marc:controlfield><marc:datafield tag="040" ind1=" " ind2=" "><marc:subfield code="a">Uk</marc:subfield><marc:subfield code="c">Uk</marc:subfield></marc:datafield><marc:datafield tag="100" ind1="1" ind2=" "><marc:subfield code="a">A., B. I.</marc:subfield></marc:datafield><marc:datafield tag="245" ind1="1" ind2="0"><marc:subfield code="a">Ἡ Κλεονικη. Μυθιστορημα Ἑλληνικον ὑπο B. I. A. [i.e. B. I. Anastasides.] Ἐκδιδοται ὑπο Γ. Μ. Καλουμενου..</marc:subfield></marc:datafield><marc:datafield tag="260" ind1=" " ind2=" "><marc:subfield code="a">pp. 322. Ἀλεξανδρεια, 1867.</marc:subfield></marc:datafield><marc:datafield tag="300" ind1=" " ind2=" "><marc:subfield code="a">8º.</marc:subfield></marc:datafield><marc:datafield tag="700" ind1="1" ind2=" "><marc:subfield code="a">ANASTASIADES, B. I.</marc:subfield></marc:datafield><marc:datafield tag="700" ind1="1" ind2=" "><marc:subfield code="a">Kaloumenos, G. M.</marc:subfield></marc:datafield><marc:datafield tag="720" ind1=" " ind2=" "><marc:subfield code="a">CLEONICE</marc:subfield></marc:datafield><marc:datafield tag="852" ind1="4" ind2="1"><marc:subfield code="a">British Library</marc:subfield><marc:subfield code="b">HMNTS</marc:subfield><marc:subfield code="j">12590.i.7.</marc:subfield></marc:datafield><marc:datafield tag="886" ind1="2" ind2=" "><marc:subfield code="2">blmarc</marc:subfield><marc:subfield code="a">709</marc:subfield><marc:subfield code="b">00</marc:subfield><marc:subfield code="a">ANASTASIADES</marc:subfield><marc:subfield code="h">B. I.</marc:subfield><marc:subfield code="p">12590.i.7.</marc:subfield><marc:subfield code="x">0073790052</marc:subfield></marc:datafield><marc:datafield tag="886" ind1="2" ind2=" "><marc:subfield code="2">blmarc</marc:subfield><marc:subfield code="a">709</marc:subfield><marc:subfield code="b">00</marc:subfield><marc:subfield code="a">CLEONICE</marc:subfield><marc:subfield code="p">12590.i.7.</marc:subfield><marc:subfield code="x">0641710151</marc:subfield></marc:datafield><marc:datafield tag="886" ind1="2" ind2=" "><marc:subfield code="2">blmarc</marc:subfield><marc:subfield code="a">709</marc:subfield><marc:subfield code="b">00</marc:subfield><marc:subfield code="a">KALOUMENOS</marc:subfield><marc:subfield code="h">G. M.</marc:subfield><marc:subfield code="p">12590.i.7.</marc:subfield><marc:subfield code="x">1702740064</marc:subfield></marc:datafield></marc:record>