
<marc:record><marc:leader>00729cam a22001933  4500</marc:leader>
<marc:controlfield tag="001">000000286</marc:controlfield>
<marc:controlfield tag="003">Uk</marc:controlfield><marc:controlfield tag="005">20130615210700.0</marc:controlfield><marc:controlfield tag="008">870813|1876||||enk    ||     ||| |||||  </marc:controlfield><marc:datafield tag="040" ind1=" " ind2=" "><marc:subfield code="a">Uk</marc:subfield><marc:subfield code="c">Uk</marc:subfield></marc:datafield><marc:datafield tag="100" ind1="1" ind2=" "><marc:subfield code="a">A., B. L.</marc:subfield></marc:datafield><marc:datafield tag="245" ind1="1" ind2="0"><marc:subfield code="a">Nancy's Work. A church story. By the author of “Keane Malcombe's Pupil.” (B. L. A., [i.e., Beatrice Leith Adams.]).</marc:subfield></marc:datafield><marc:datafield tag="260" ind1=" " ind2=" "><marc:subfield code="a">London ;</marc:subfield><marc:subfield code="a">Oxford :</marc:subfield><marc:subfield code="b">A. R. Mowbray &amp; Co.,</marc:subfield><marc:subfield code="c">[1876]</marc:subfield></marc:datafield><marc:datafield tag="300" ind1=" " ind2=" "><marc:subfield code="a">92 p. ;</marc:subfield><marc:subfield code="c">8º.</marc:subfield></marc:datafield><marc:datafield tag="700" ind1="1" ind2=" "><marc:subfield code="a">Laffan, De Courcy,</marc:subfield><marc:subfield code="c">Mrs.,</marc:subfield><marc:subfield code="d">-1912.</marc:subfield></marc:datafield><marc:datafield tag="720" ind1=" " ind2=" "><marc:subfield code="a">NANCY</marc:subfield></marc:datafield><marc:datafield tag="852" ind1="4" ind2="1"><marc:subfield code="a">British Library</marc:subfield><marc:subfield code="b">HMNTS</marc:subfield><marc:subfield code="j">4414.ccc.1.</marc:subfield></marc:datafield><marc:datafield tag="886" ind1="2" ind2=" "><marc:subfield code="2">blmarc</marc:subfield><marc:subfield code="a">709</marc:subfield><marc:subfield code="b">00</marc:subfield><marc:subfield code="a">ADAMS</marc:subfield><marc:subfield code="h">Bertha Jane Leith</marc:subfield><marc:subfield code="f">afterwards LAFFAN (Bertha Jane)</marc:subfield><marc:subfield code="p">4414.ccc.1.</marc:subfield><marc:subfield code="x">0021570086</marc:subfield></marc:datafield><marc:datafield tag="886" ind1="2" ind2=" "><marc:subfield code="2">blmarc</marc:subfield><marc:subfield code="a">709</marc:subfield><marc:subfield code="b">00</marc:subfield><marc:subfield code="a">NANCY</marc:subfield><marc:subfield code="p">4414.ccc.1.</marc:subfield><marc:subfield code="x">2320040099</marc:subfield></marc:datafield></marc:record>