
<marc:record><marc:leader>00941cam a22001933  4500</marc:leader>
<marc:controlfield tag="001">000000288</marc:controlfield>
<marc:controlfield tag="003">Uk</marc:controlfield><marc:controlfield tag="005">20110311165800.0</marc:controlfield><marc:controlfield tag="008">870813|1826|||||||    ||     ||| |||||  </marc:controlfield><marc:datafield tag="040" ind1=" " ind2=" "><marc:subfield code="a">Uk</marc:subfield><marc:subfield code="c">Uk</marc:subfield></marc:datafield><marc:datafield tag="100" ind1="1" ind2=" "><marc:subfield code="a">A***, Benjamin,</marc:subfield><marc:subfield code="c">and ALEXIS [i.e. Alexis Barbe Benoit de Comberousse]</marc:subfield></marc:datafield><marc:datafield tag="245" ind1="1" ind2="0"><marc:subfield code="a">Le Pauvre de l'Hôtel-Dieu. Mélodrame en trois actes ... Par MM. Benjamin A*** [i.e. Antier] et Alexis, etc.</marc:subfield></marc:datafield><marc:datafield tag="260" ind1=" " ind2=" "><marc:subfield code="a">Paris,</marc:subfield><marc:subfield code="c">1826.</marc:subfield></marc:datafield><marc:datafield tag="300" ind1=" " ind2=" "><marc:subfield code="a">60 p. ;</marc:subfield><marc:subfield code="c">8º.</marc:subfield></marc:datafield><marc:datafield tag="700" ind1="1" ind2=" "><marc:subfield code="a">ANTIER, Benjamin,</marc:subfield><marc:subfield code="c">and ALEXIS, pseud. [i.e. Alexis Barbe Benoît Decomberousse.]</marc:subfield></marc:datafield><marc:datafield tag="720" ind1=" " ind2=" "><marc:subfield code="a">ALEXIS, pseud. [i.e. Alexis Barbe Benoît de Decomberousse.]</marc:subfield></marc:datafield><marc:datafield tag="852" ind1="4" ind2="1"><marc:subfield code="a">British Library</marc:subfield><marc:subfield code="b">HMNTS</marc:subfield><marc:subfield code="j">11738.b.17.(2.)</marc:subfield></marc:datafield><marc:datafield tag="886" ind1="2" ind2=" "><marc:subfield code="2">blmarc</marc:subfield><marc:subfield code="a">709</marc:subfield><marc:subfield code="b">00</marc:subfield><marc:subfield code="a">ALEXIS, pseud. [i.e. Alexis Barbe Benoît de Decomberousse.]</marc:subfield><marc:subfield code="p">11738.b.17.(2.)</marc:subfield><marc:subfield code="x">0052020266</marc:subfield></marc:datafield><marc:datafield tag="886" ind1="2" ind2=" "><marc:subfield code="2">blmarc</marc:subfield><marc:subfield code="a">709</marc:subfield><marc:subfield code="b">00</marc:subfield><marc:subfield code="a">ANTIER</marc:subfield><marc:subfield code="h">Benjamin</marc:subfield><marc:subfield code="f">and ALEXIS, pseud. [i.e. Alexis Barbe Benoît Decomberousse.]</marc:subfield><marc:subfield code="p">11738.b.17.(2.)</marc:subfield><marc:subfield code="x">0092420273</marc:subfield></marc:datafield></marc:record>