
<marc:record><marc:leader>00720cam a22001933  4500</marc:leader>
<marc:controlfield tag="001">000000289</marc:controlfield>
<marc:controlfield tag="003">Uk</marc:controlfield><marc:controlfield tag="005">20110311165800.0</marc:controlfield><marc:controlfield tag="008">870813|1827|||||||    ||     ||| |||||  </marc:controlfield><marc:datafield tag="040" ind1=" " ind2=" "><marc:subfield code="a">Uk</marc:subfield><marc:subfield code="c">Uk</marc:subfield></marc:datafield><marc:datafield tag="100" ind1="1" ind2=" "><marc:subfield code="a">A., Benjamin,</marc:subfield><marc:subfield code="c">and ARAGO (Étienne)</marc:subfield></marc:datafield><marc:datafield tag="245" ind1="1" ind2="0"><marc:subfield code="a">Mandrin. Mélodrame en trois actes ... Par MM. Benjamin A. [i.e. Antier] et Ét. Arago, etc.</marc:subfield></marc:datafield><marc:datafield tag="260" ind1=" " ind2=" "><marc:subfield code="a">Paris,</marc:subfield><marc:subfield code="c">1827.</marc:subfield></marc:datafield><marc:datafield tag="300" ind1=" " ind2=" "><marc:subfield code="a">80 p. ;</marc:subfield><marc:subfield code="c">8º.</marc:subfield></marc:datafield><marc:datafield tag="700" ind1="1" ind2=" "><marc:subfield code="a">ANTIER, Benjamin,</marc:subfield><marc:subfield code="c">and ARAGO (Étienne)</marc:subfield></marc:datafield><marc:datafield tag="700" ind1="1" ind2=" "><marc:subfield code="a">ARAGO, Étienne.</marc:subfield></marc:datafield><marc:datafield tag="852" ind1="4" ind2="1"><marc:subfield code="a">British Library</marc:subfield><marc:subfield code="b">HMNTS</marc:subfield><marc:subfield code="j">11738.b.22.(7.)</marc:subfield></marc:datafield><marc:datafield tag="886" ind1="2" ind2=" "><marc:subfield code="2">blmarc</marc:subfield><marc:subfield code="a">709</marc:subfield><marc:subfield code="b">00</marc:subfield><marc:subfield code="a">ANTIER</marc:subfield><marc:subfield code="h">Benjamin</marc:subfield><marc:subfield code="f">and ARAGO (Étienne)</marc:subfield><marc:subfield code="p">11738.b.22.(7.)</marc:subfield><marc:subfield code="x">0092430015</marc:subfield></marc:datafield><marc:datafield tag="886" ind1="2" ind2=" "><marc:subfield code="2">blmarc</marc:subfield><marc:subfield code="a">709</marc:subfield><marc:subfield code="b">00</marc:subfield><marc:subfield code="a">ARAGO</marc:subfield><marc:subfield code="h">Étienne</marc:subfield><marc:subfield code="p">11738.b.22.(7.)</marc:subfield><marc:subfield code="x">0101180160</marc:subfield></marc:datafield></marc:record>