
<marc:record><marc:leader>00741cam a22001813  4500</marc:leader>
<marc:controlfield tag="001">000000294</marc:controlfield>
<marc:controlfield tag="003">Uk</marc:controlfield><marc:controlfield tag="005">20120302164100.0</marc:controlfield><marc:controlfield tag="008">930315|1831|||||||    ||     ||| ||eng  </marc:controlfield><marc:datafield tag="040" ind1=" " ind2=" "><marc:subfield code="a">Uk</marc:subfield><marc:subfield code="c">Uk</marc:subfield></marc:datafield><marc:datafield tag="100" ind1="1" ind2=" "><marc:subfield code="a">A., C.</marc:subfield></marc:datafield><marc:datafield tag="245" ind1="1" ind2="4"><marc:subfield code="a">The Farmers and the Clergy. Six letters to the farmers of England, on tithes &amp; church property. [Signed: C. A.].</marc:subfield></marc:datafield><marc:datafield tag="260" ind1=" " ind2=" "><marc:subfield code="a">London :</marc:subfield><marc:subfield code="b">Roake &amp; Varty,</marc:subfield><marc:subfield code="c">[1831?]</marc:subfield></marc:datafield><marc:datafield tag="300" ind1=" " ind2=" "><marc:subfield code="a">72 p. ;</marc:subfield><marc:subfield code="c">12º.</marc:subfield></marc:datafield><marc:datafield tag="720" ind1=" " ind2=" "><marc:subfield code="a">FARMERS</marc:subfield></marc:datafield><marc:datafield tag="775" ind1="0" ind2=" "><marc:subfield code="t">[The Farmers and the Clergy. Six letters to the farmers of England, on tithes &amp; church property. [Signed: C. A.].]</marc:subfield><marc:subfield code="d">Roake &amp; Varty: London, 1831. pp. 79. 8º.</marc:subfield><marc:subfield code="w">(Uk)MP1.0000000290.1</marc:subfield></marc:datafield><marc:datafield tag="852" ind1="4" ind2="1"><marc:subfield code="a">British Library</marc:subfield><marc:subfield code="b">HMNTS</marc:subfield><marc:subfield code="j">T.1352.(10).</marc:subfield></marc:datafield><marc:datafield tag="886" ind1="2" ind2=" "><marc:subfield code="2">blmarc</marc:subfield><marc:subfield code="a">709</marc:subfield><marc:subfield code="b">00</marc:subfield><marc:subfield code="a">FARMERS</marc:subfield><marc:subfield code="p">T.1352.(10.)</marc:subfield><marc:subfield code="x">1055000054</marc:subfield></marc:datafield></marc:record>