
<marc:record><marc:leader>00819cam a22001813  4500</marc:leader>
<marc:controlfield tag="001">000000301</marc:controlfield>
<marc:controlfield tag="003">Uk</marc:controlfield><marc:controlfield tag="005">20130710174400.0</marc:controlfield><marc:controlfield tag="008">970731|1826||||enk    ||     ||| |||||  </marc:controlfield><marc:datafield tag="040" ind1=" " ind2=" "><marc:subfield code="a">Uk</marc:subfield><marc:subfield code="c">Uk</marc:subfield></marc:datafield><marc:datafield tag="100" ind1="1" ind2=" "><marc:subfield code="a">A., C.</marc:subfield></marc:datafield><marc:datafield tag="245" ind1="1" ind2="0"><marc:subfield code="a">Miriam; or, the Power of Truth. A Jewish tale. By the author of “Influence.” [The preface signed: C. A., i.e. Charlotte Anley.]</marc:subfield></marc:datafield><marc:datafield tag="260" ind1=" " ind2=" "><marc:subfield code="a">London :</marc:subfield><marc:subfield code="b">J. Hatchard &amp; Son,</marc:subfield><marc:subfield code="c">1826.</marc:subfield></marc:datafield><marc:datafield tag="300" ind1=" " ind2=" "><marc:subfield code="a">vii. 384 p. ;</marc:subfield><marc:subfield code="c">8º.</marc:subfield></marc:datafield><marc:datafield tag="700" ind1="1" ind2=" "><marc:subfield code="a">ANLEY, Charlotte.</marc:subfield></marc:datafield><marc:datafield tag="775" ind1="0" ind2=" "><marc:subfield code="t">[Miriam; or, the Power of Truth. A Jewish tale. By the author of “Influence.” [The preface signed: C. A., i.e. Charlotte Anley.]]</marc:subfield><marc:subfield code="d">London: John Hatchard and Son, 1829. pp. vii, 388. (12º); 17 cm.</marc:subfield><marc:subfield code="w">(Uk)MP1.0000000295.1</marc:subfield></marc:datafield><marc:datafield tag="852" ind1="4" ind2="1"><marc:subfield code="a">British Library</marc:subfield><marc:subfield code="b">HMNTS</marc:subfield><marc:subfield code="j">N.1243.</marc:subfield></marc:datafield><marc:datafield tag="886" ind1="2" ind2=" "><marc:subfield code="2">blmarc</marc:subfield><marc:subfield code="a">709</marc:subfield><marc:subfield code="b">00</marc:subfield><marc:subfield code="a">ANLEY</marc:subfield><marc:subfield code="h">Charlotte</marc:subfield><marc:subfield code="p">N.1243.</marc:subfield><marc:subfield code="x">0090010078</marc:subfield></marc:datafield></marc:record>