
<marc:record><marc:leader>00750cam a22001693  4500</marc:leader>
<marc:controlfield tag="001">000000302</marc:controlfield>
<marc:controlfield tag="003">Uk</marc:controlfield><marc:controlfield tag="005">20130710174400.0</marc:controlfield><marc:controlfield tag="008">970731|1829||||enk    ||     ||| |||||  </marc:controlfield><marc:datafield tag="040" ind1=" " ind2=" "><marc:subfield code="a">Uk</marc:subfield><marc:subfield code="c">Uk</marc:subfield></marc:datafield><marc:datafield tag="100" ind1="1" ind2=" "><marc:subfield code="a">A., C.</marc:subfield></marc:datafield><marc:datafield tag="245" ind1="1" ind2="0"><marc:subfield code="a">[Miriam; or, the Power of Truth. A Jewish tale. By the author of “Influence.” [The preface signed: C. A., i.e. Charlotte Anley.]]</marc:subfield></marc:datafield><marc:datafield tag="250" ind1=" " ind2=" "><marc:subfield code="a">Second edition.</marc:subfield></marc:datafield><marc:datafield tag="260" ind1=" " ind2=" "><marc:subfield code="a">London :</marc:subfield><marc:subfield code="b">John Hatchard and Son,</marc:subfield><marc:subfield code="c">1829.</marc:subfield></marc:datafield><marc:datafield tag="300" ind1=" " ind2=" "><marc:subfield code="a">vii, 388 p. ;</marc:subfield><marc:subfield code="c">17 cm. (12º)</marc:subfield></marc:datafield><marc:datafield tag="787" ind1="0" ind2=" "><marc:subfield code="t">Miriam; or, the Power of Truth. A Jewish tale. By the author of “Influence.” [The preface signed: C. A., i.e. Charlotte Anley.]</marc:subfield><marc:subfield code="d">pp. vii. 384. J. Hatchard &amp; Son: London, 1826. 8º.</marc:subfield><marc:subfield code="w">(Uk)MP1.0000000295</marc:subfield></marc:datafield><marc:datafield tag="852" ind1="4" ind2="1"><marc:subfield code="a">British Library</marc:subfield><marc:subfield code="b">HMNTS</marc:subfield><marc:subfield code="j">RB.23.a.15868.</marc:subfield></marc:datafield></marc:record>