
<marc:record><marc:leader>02512cam a22002413  4500</marc:leader>
<marc:controlfield tag="001">000000312</marc:controlfield>
<marc:controlfield tag="003">Uk</marc:controlfield><marc:controlfield tag="005">20120806043400.0</marc:controlfield><marc:controlfield tag="008">870813|1833|||||||    ||     ||| |||||  </marc:controlfield><marc:datafield tag="040" ind1=" " ind2=" "><marc:subfield code="a">Uk</marc:subfield><marc:subfield code="c">Uk</marc:subfield></marc:datafield><marc:datafield tag="100" ind1="1" ind2=" "><marc:subfield code="a">A., C. A.</marc:subfield></marc:datafield><marc:datafield tag="245" ind1="1" ind2="0"><marc:subfield code="a">Ytterligare om Statsskuld, af C. A. A. [i.e. Carl Adolf Agardh, Bishop of Carlstadt]. Svar på den i Litteraturföreningens Tidning N:rerne 37, 39, 40 och 41 införda recensionen af Hr. M. B:s [i.e. Count Magnus Björnstjerna's] afhandling om Engelska Statsskulden, och af det dervid bifogade Företal (af C. A. A. [i.e. Bishop Agardh]). Bihang till samma skrift.</marc:subfield></marc:datafield><marc:datafield tag="260" ind1=" " ind2=" "><marc:subfield code="a">Lund,</marc:subfield><marc:subfield code="c">1833.</marc:subfield></marc:datafield><marc:datafield tag="300" ind1=" " ind2=" "><marc:subfield code="a">120 p. ;</marc:subfield><marc:subfield code="c">8º.</marc:subfield></marc:datafield><marc:datafield tag="700" ind1="1" ind2=" "><marc:subfield code="a">Agardh, C. A.</marc:subfield><marc:subfield code="q">(Carl Adolf),</marc:subfield><marc:subfield code="d">1785-1859</marc:subfield></marc:datafield><marc:datafield tag="700" ind1="1" ind2=" "><marc:subfield code="a">B., M..</marc:subfield><marc:subfield code="t">The Public Debt, its influence and its management considered in a different point of view from Sir Henry Parnell, in his work on Financial Reform. By M. B. [i.e. Count Magnus Fredrik Ferdinand Björnstjerna.]</marc:subfield></marc:datafield><marc:datafield tag="700" ind1="1" ind2=" "><marc:subfield code="a">Björnstjerna, Magnus Fredrik Ferdinand,</marc:subfield><marc:subfield code="c">grefve,</marc:subfield><marc:subfield code="d">1779-1847.</marc:subfield><marc:subfield code="t">Engelsska statsskulden, dess inflytande och förvaltning, betraktade ur en olika synpunkt med Sir Henry Parnell, i hans arbete om finansreform. Af M. B. [i.e. Count M. F. F. Björnstjerna.] Öfversättning. [A translation by Karl Vilhelm Silljecrona, of “The Public Debt, its influence and its management.”] Med ett företal om statsskulds-systemets allmänna grunder af C. A. A. [i.e. Carl Adolf Agardh, Bishop of Carlstadt.].</marc:subfield></marc:datafield><marc:datafield tag="720" ind1=" " ind2=" "><marc:subfield code="a">STATSKULD</marc:subfield></marc:datafield><marc:datafield tag="852" ind1="4" ind2="1"><marc:subfield code="a">British Library</marc:subfield><marc:subfield code="b">HMNTS</marc:subfield><marc:subfield code="j">8227.ee.10.</marc:subfield></marc:datafield><marc:datafield tag="886" ind1="2" ind2=" "><marc:subfield code="2">blmarc</marc:subfield><marc:subfield code="a">709</marc:subfield><marc:subfield code="b">00</marc:subfield><marc:subfield code="a">AGARDH</marc:subfield><marc:subfield code="h">Carl Adolph</marc:subfield><marc:subfield code="f">Bishop of Karlstad</marc:subfield><marc:subfield code="p">8227.ee.10.</marc:subfield><marc:subfield code="x">0032500343</marc:subfield></marc:datafield><marc:datafield tag="886" ind1="2" ind2=" "><marc:subfield code="2">blmarc</marc:subfield><marc:subfield code="a">709</marc:subfield><marc:subfield code="b">00</marc:subfield><marc:subfield code="a">B.</marc:subfield><marc:subfield code="h">M.</marc:subfield><marc:subfield code="t">The Public Debt, its influence and its management considered in a different point of view from Sir Henry Parnell, in his work on Financial Reform. By M. B. [i.e. Count Magnus Fredrik Ferdinand Björnstjerna.]</marc:subfield><marc:subfield code="p">8227.ee.10.</marc:subfield><marc:subfield code="x">0152690190</marc:subfield></marc:datafield><marc:datafield tag="886" ind1="2" ind2=" "><marc:subfield code="2">blmarc</marc:subfield><marc:subfield code="a">709</marc:subfield><marc:subfield code="b">00</marc:subfield><marc:subfield code="a">BJÖRNSTJERNA</marc:subfield><marc:subfield code="h">Magnus Fredrik Ferdinand</marc:subfield><marc:subfield code="f">Count</marc:subfield><marc:subfield code="t">Engelsska statsskulden, dess inflytande och förvaltning, betraktade ur en olika synpunkt med Sir Henry Parnell, i hans arbete om finansreform. Af M. B. [i.e. Count M. F. F. Björnstjerna.] Öfversättning. [A translation by Karl Vilhelm Silljecrona, of “The Public Debt, its influence and its management.”] Med ett företal om statsskulds-systemets allmänna grunder af C. A. A. [i.e. Carl Adolf Agardh, Bishop of Carlstadt.]</marc:subfield><marc:subfield code="p">8227.ee.10.</marc:subfield><marc:subfield code="x">0333280245</marc:subfield></marc:datafield><marc:datafield tag="886" ind1="2" ind2=" "><marc:subfield code="2">blmarc</marc:subfield><marc:subfield code="a">709</marc:subfield><marc:subfield code="b">00</marc:subfield><marc:subfield code="a">STATSKULD</marc:subfield><marc:subfield code="p">8227.ee.10.</marc:subfield><marc:subfield code="x">3114710166</marc:subfield></marc:datafield></marc:record>