
<marc:record><marc:leader>00964cam a22002053  4500</marc:leader>
<marc:controlfield tag="001">000000318</marc:controlfield>
<marc:controlfield tag="003">Uk</marc:controlfield><marc:controlfield tag="005">20120504173500.0</marc:controlfield><marc:controlfield tag="008">870813|1900|||||||    ||     ||| |||||  </marc:controlfield><marc:datafield tag="040" ind1=" " ind2=" "><marc:subfield code="a">Uk</marc:subfield><marc:subfield code="c">Uk</marc:subfield></marc:datafield><marc:datafield tag="100" ind1="1" ind2=" "><marc:subfield code="a">A., C. E.</marc:subfield></marc:datafield><marc:datafield tag="245" ind1="1" ind2="0"><marc:subfield code="a">Note Book of Observations in Practical Physics compiled for use in Harrow School, by C. E. A. [i.e. Cyril Ernest Ashford.]</marc:subfield></marc:datafield><marc:datafield tag="260" ind1=" " ind2=" "><marc:subfield code="a">Harrow-on-the-Hill,</marc:subfield><marc:subfield code="c">1900.</marc:subfield></marc:datafield><marc:datafield tag="300" ind1=" " ind2=" "><marc:subfield code="a">54 p. ;</marc:subfield><marc:subfield code="c">4º.</marc:subfield></marc:datafield><marc:datafield tag="700" ind1="1" ind2=" "><marc:subfield code="a">ASHFORD, Cyril Ernest,</marc:subfield><marc:subfield code="c">Sir,</marc:subfield><marc:subfield code="c">K.B.E.</marc:subfield></marc:datafield><marc:datafield tag="720" ind1=" " ind2=" "><marc:subfield code="a">NOTEBOOK</marc:subfield></marc:datafield><marc:datafield tag="775" ind1="0" ind2=" "><marc:subfield code="t">[Note Book of Observations in Practical Physics compiled for use in Harrow School, by C. E. A. [i.e. Cyril Ernest Ashford.]]</marc:subfield><marc:subfield code="d">pp. 54. J. C. Wilbee: Harrow-on-the-Hill, 1903. 4º.</marc:subfield><marc:subfield code="w">(Uk)MP1.0000000313.1</marc:subfield></marc:datafield><marc:datafield tag="852" ind1="4" ind2="1"><marc:subfield code="a">British Library</marc:subfield><marc:subfield code="b">HMNTS</marc:subfield><marc:subfield code="j">8705.bbb.30.</marc:subfield></marc:datafield><marc:datafield tag="886" ind1="2" ind2=" "><marc:subfield code="2">blmarc</marc:subfield><marc:subfield code="a">709</marc:subfield><marc:subfield code="b">00</marc:subfield><marc:subfield code="a">ASHFORD</marc:subfield><marc:subfield code="e">Sir</marc:subfield><marc:subfield code="h">Cyril Ernest</marc:subfield><marc:subfield code="f">K.B.E.</marc:subfield><marc:subfield code="p">8705.bbb.30.</marc:subfield><marc:subfield code="x">0123470293</marc:subfield><marc:subfield code="p">8706.c.25.</marc:subfield><marc:subfield code="x">0123470293</marc:subfield></marc:datafield><marc:datafield tag="886" ind1="2" ind2=" "><marc:subfield code="2">blmarc</marc:subfield><marc:subfield code="a">709</marc:subfield><marc:subfield code="b">00</marc:subfield><marc:subfield code="a">NOTEBOOK</marc:subfield><marc:subfield code="p">8705.bbb.30.</marc:subfield><marc:subfield code="x">2390010326</marc:subfield><marc:subfield code="p">8706.c.25.</marc:subfield><marc:subfield code="x">2390010334</marc:subfield></marc:datafield></marc:record>