
<marc:record><marc:leader>01723cam a22002773  4500</marc:leader>
<marc:controlfield tag="001">000000324</marc:controlfield>
<marc:controlfield tag="003">Uk</marc:controlfield><marc:controlfield tag="005">20080115091052.0</marc:controlfield><marc:controlfield tag="008">010525|1862||||enk    ||     ||| |||||  </marc:controlfield><marc:datafield tag="040" ind1=" " ind2=" "><marc:subfield code="a">Uk</marc:subfield><marc:subfield code="c">Uk</marc:subfield></marc:datafield><marc:datafield tag="100" ind1="1" ind2=" "><marc:subfield code="a">A., C. F.</marc:subfield></marc:datafield><marc:datafield tag="245" ind1="1" ind2="0"><marc:subfield code="a">[Hymns for Little Children. By the author of “The Lord of the Forest” ... [The author's dedication signed: C. F. A., i.e. Cecil Frances Alexander. With a preliminary “notice” signed: J. K., i.e. John Keble.] Fourteenth edition.]</marc:subfield></marc:datafield><marc:datafield tag="250" ind1=" " ind2=" "><marc:subfield code="a">Twenty-fifth edition.</marc:subfield></marc:datafield><marc:datafield tag="260" ind1=" " ind2=" "><marc:subfield code="a">London :</marc:subfield><marc:subfield code="b">Joseph Masters,</marc:subfield><marc:subfield code="c">[1862.].</marc:subfield></marc:datafield><marc:datafield tag="300" ind1=" " ind2=" "><marc:subfield code="a">viii. 82 p. ;</marc:subfield><marc:subfield code="c">4º.</marc:subfield></marc:datafield><marc:datafield tag="655" ind1=" " ind2="4"><marc:subfield code="a">Hymnals.</marc:subfield></marc:datafield><marc:datafield tag="700" ind1="1" ind2=" "><marc:subfield code="a">HUMPHREYS, afterwards ALEXANDER, Cecil Frances.</marc:subfield></marc:datafield><marc:datafield tag="700" ind1="1" ind2=" "><marc:subfield code="a">Keble, John,</marc:subfield><marc:subfield code="d">1792-1866</marc:subfield><marc:subfield code="t">Works edited, translated or with contributions by this Author.</marc:subfield></marc:datafield><marc:datafield tag="720" ind1=" " ind2=" "><marc:subfield code="a">DALZIEL BROTHERS, Illustrators</marc:subfield></marc:datafield><marc:datafield tag="787" ind1="0" ind2=" "><marc:subfield code="t">Hymns for Little Children. By the author of “The Lord of the Forest” ... [The author's dedication signed: C. F. A., i.e. Cecil Frances Alexander. With a preliminary “notice” signed: J. K., i.e. John Keble.] Fourteenth edition.</marc:subfield><marc:subfield code="w">(Uk)MP1.0000000317</marc:subfield><marc:subfield code="d">pp. 72. Joseph Masters: London, 1857. 12º.</marc:subfield></marc:datafield><marc:datafield tag="852" ind1="4" ind2="1"><marc:subfield code="a">British Library</marc:subfield><marc:subfield code="b">HMNTS</marc:subfield><marc:subfield code="j">11649.d.6.</marc:subfield></marc:datafield><marc:datafield tag="886" ind1="2" ind2=" "><marc:subfield code="2">blmarc</marc:subfield><marc:subfield code="a">709</marc:subfield><marc:subfield code="b">00</marc:subfield><marc:subfield code="a">DALZIEL BROTHERS, Illustrators</marc:subfield><marc:subfield code="p">11649.d.6.</marc:subfield><marc:subfield code="x">0760570310</marc:subfield></marc:datafield><marc:datafield tag="886" ind1="2" ind2=" "><marc:subfield code="2">blmarc</marc:subfield><marc:subfield code="a">709</marc:subfield><marc:subfield code="b">00</marc:subfield><marc:subfield code="a">HUMPHREYS, afterwards ALEXANDER</marc:subfield><marc:subfield code="h">Cecil Frances</marc:subfield><marc:subfield code="p">03440.m.20.</marc:subfield><marc:subfield code="p">11649.d.6.</marc:subfield><marc:subfield code="p">3434.aaa.6.</marc:subfield><marc:subfield code="x">1553220323</marc:subfield></marc:datafield><marc:datafield tag="886" ind1="2" ind2=" "><marc:subfield code="2">blmarc</marc:subfield><marc:subfield code="a">709</marc:subfield><marc:subfield code="b">00</marc:subfield><marc:subfield code="a">HYMNALS</marc:subfield><marc:subfield code="p">03440.m.20.</marc:subfield><marc:subfield code="p">3434.aaa.6.</marc:subfield><marc:subfield code="x">1570420025</marc:subfield><marc:subfield code="p">11649.d.6.</marc:subfield><marc:subfield code="x">1570420033</marc:subfield></marc:datafield><marc:datafield tag="886" ind1="2" ind2=" "><marc:subfield code="2">blmarc</marc:subfield><marc:subfield code="a">709</marc:subfield><marc:subfield code="b">00</marc:subfield><marc:subfield code="a">K.</marc:subfield><marc:subfield code="h">J.</marc:subfield><marc:subfield code="p">11649.d.6.</marc:subfield><marc:subfield code="p">3434.aaa.6.</marc:subfield><marc:subfield code="x">1694590208</marc:subfield></marc:datafield><marc:datafield tag="886" ind1="2" ind2=" "><marc:subfield code="2">blmarc</marc:subfield><marc:subfield code="a">709</marc:subfield><marc:subfield code="b">00</marc:subfield><marc:subfield code="a">KEBLE</marc:subfield><marc:subfield code="h">John</marc:subfield><marc:subfield code="t">Works edited, translated or with contributions by this Author</marc:subfield><marc:subfield code="p">11649.d.6.</marc:subfield><marc:subfield code="p">3434.aaa.6.</marc:subfield><marc:subfield code="x">1720470308</marc:subfield></marc:datafield></marc:record>