
<marc:record><marc:leader>00912cam a22001933  4500</marc:leader>
<marc:controlfield tag="001">000000327</marc:controlfield>
<marc:controlfield tag="003">Uk</marc:controlfield><marc:controlfield tag="005">20130715184800.0</marc:controlfield><marc:controlfield tag="008">870813|1857||||enk    ||     ||| |||||  </marc:controlfield><marc:datafield tag="040" ind1=" " ind2=" "><marc:subfield code="a">Uk</marc:subfield><marc:subfield code="c">Uk</marc:subfield></marc:datafield><marc:datafield tag="100" ind1="1" ind2=" "><marc:subfield code="a">A., C. F.</marc:subfield></marc:datafield><marc:datafield tag="245" ind1="1" ind2="0"><marc:subfield code="a">[Narrative Hymns for Village Schools. By the author of “Hymns for Little Children.” [The preface signed: C. F. A., i.e. Cecil Frances Alexander.] Set to music ... by A. F.]</marc:subfield></marc:datafield><marc:datafield tag="250" ind1=" " ind2=" "><marc:subfield code="a">Third edition.</marc:subfield></marc:datafield><marc:datafield tag="260" ind1=" " ind2=" "><marc:subfield code="a">London :</marc:subfield><marc:subfield code="b">Joseph Masters,</marc:subfield><marc:subfield code="c">1857.</marc:subfield></marc:datafield><marc:datafield tag="300" ind1=" " ind2=" "><marc:subfield code="a">28 p. ;</marc:subfield><marc:subfield code="c">16º.</marc:subfield></marc:datafield><marc:datafield tag="655" ind1=" " ind2="4"><marc:subfield code="a">Hymnals.</marc:subfield></marc:datafield><marc:datafield tag="787" ind1="0" ind2=" "><marc:subfield code="t">Narrative Hymns for Village Schools. By the author of “Hymns for Little Children.” [The preface signed: C. F. A., i.e. Cecil Frances Alexander.] Set to music ... by A. F.</marc:subfield><marc:subfield code="d">Joseph Masters: London, 1853. 4º.</marc:subfield><marc:subfield code="w">(Uk)MP1.0000000319</marc:subfield></marc:datafield><marc:datafield tag="852" ind1="4" ind2="1"><marc:subfield code="a">British Library</marc:subfield><marc:subfield code="b">HMNTS</marc:subfield><marc:subfield code="j">11644.a.66.</marc:subfield></marc:datafield><marc:datafield tag="886" ind1="2" ind2=" "><marc:subfield code="2">blmarc</marc:subfield><marc:subfield code="a">709</marc:subfield><marc:subfield code="b">00</marc:subfield><marc:subfield code="a">HYMNALS</marc:subfield><marc:subfield code="p">11644.a.66.</marc:subfield><marc:subfield code="x">1570630275</marc:subfield><marc:subfield code="p">3434.e.19.</marc:subfield><marc:subfield code="x">1570630267</marc:subfield></marc:datafield></marc:record>