
<marc:record><marc:leader>00792cam a22001933  4500</marc:leader>
<marc:controlfield tag="001">000000331</marc:controlfield>
<marc:controlfield tag="003">Uk</marc:controlfield><marc:controlfield tag="005">20130715184800.0</marc:controlfield><marc:controlfield tag="008">870813|1857||||enk    ||     ||| |||||  </marc:controlfield><marc:datafield tag="040" ind1=" " ind2=" "><marc:subfield code="a">Uk</marc:subfield><marc:subfield code="c">Uk</marc:subfield></marc:datafield><marc:datafield tag="100" ind1="1" ind2=" "><marc:subfield code="a">A., C. F.</marc:subfield></marc:datafield><marc:datafield tag="245" ind1="1" ind2="0"><marc:subfield code="a">Poems on Subjects in the Old Testament. Part II. By C. F. A. [i.e. Cecil Frances Humphreys, afterwards Alexander.]</marc:subfield></marc:datafield><marc:datafield tag="260" ind1=" " ind2=" "><marc:subfield code="a">London :</marc:subfield><marc:subfield code="b">Joseph Masters,</marc:subfield><marc:subfield code="c">1857.</marc:subfield></marc:datafield><marc:datafield tag="300" ind1=" " ind2=" "><marc:subfield code="a">70 p. ;</marc:subfield><marc:subfield code="c">12º.</marc:subfield></marc:datafield><marc:datafield tag="700" ind1="1" ind2=" "><marc:subfield code="a">HUMPHREYS, afterwards ALEXANDER, Cecil Frances.</marc:subfield></marc:datafield><marc:datafield tag="730" ind1="0" ind2=" "><marc:subfield code="a">Bible. Appendix. Old Testament. Miscellaneous</marc:subfield></marc:datafield><marc:datafield tag="852" ind1="4" ind2="1"><marc:subfield code="a">British Library</marc:subfield><marc:subfield code="b">HMNTS</marc:subfield><marc:subfield code="j">03440.f.60.</marc:subfield></marc:datafield><marc:datafield tag="886" ind1="2" ind2=" "><marc:subfield code="2">blmarc</marc:subfield><marc:subfield code="a">709</marc:subfield><marc:subfield code="b">00</marc:subfield><marc:subfield code="a">BIBLE</marc:subfield><marc:subfield code="t">Appendix</marc:subfield><marc:subfield code="t">Old Testament</marc:subfield><marc:subfield code="t">Miscellaneous</marc:subfield><marc:subfield code="p">03440.f.60.</marc:subfield><marc:subfield code="x">0311370101</marc:subfield></marc:datafield><marc:datafield tag="886" ind1="2" ind2=" "><marc:subfield code="2">blmarc</marc:subfield><marc:subfield code="a">709</marc:subfield><marc:subfield code="b">00</marc:subfield><marc:subfield code="a">HUMPHREYS, afterwards ALEXANDER</marc:subfield><marc:subfield code="h">Cecil Frances</marc:subfield><marc:subfield code="p">03440.f.60.</marc:subfield><marc:subfield code="x">155323023X</marc:subfield></marc:datafield></marc:record>