
<marc:record><marc:leader>01011cam a22002053  4500</marc:leader>
<marc:controlfield tag="001">000000335</marc:controlfield>
<marc:controlfield tag="003">Uk</marc:controlfield><marc:controlfield tag="005">20130723172100.0</marc:controlfield><marc:controlfield tag="008">870813|1884|||||||    ||     ||| |||||  </marc:controlfield><marc:datafield tag="040" ind1=" " ind2=" "><marc:subfield code="a">Uk</marc:subfield><marc:subfield code="c">Uk</marc:subfield></marc:datafield><marc:datafield tag="100" ind1="1" ind2=" "><marc:subfield code="a">A., C. F. B.</marc:subfield></marc:datafield><marc:datafield tag="245" ind1="1" ind2="0"><marc:subfield code="a">Which is the True Church? ... By C. F. B. A. [i.e. Charles F. B. Allnatt] ... New edition. With an enlarged appendix and additional notes.</marc:subfield></marc:datafield><marc:datafield tag="260" ind1=" " ind2=" "><marc:subfield code="a">London :</marc:subfield><marc:subfield code="b">Burns &amp; Oates ;</marc:subfield><marc:subfield code="a">New York :</marc:subfield><marc:subfield code="b">Catholic Publication Society Co.,</marc:subfield><marc:subfield code="c">1884.</marc:subfield></marc:datafield><marc:datafield tag="300" ind1=" " ind2=" "><marc:subfield code="a">84 p. ;</marc:subfield><marc:subfield code="c">8º.</marc:subfield></marc:datafield><marc:datafield tag="700" ind1="1" ind2=" "><marc:subfield code="a">ALLNATT, Charles F. B.</marc:subfield></marc:datafield><marc:datafield tag="720" ind1=" " ind2=" "><marc:subfield code="a">CHURCH</marc:subfield></marc:datafield><marc:datafield tag="775" ind1="0" ind2=" "><marc:subfield code="t">[Which is the True Church? ... By C. F. B. A. [i.e. Charles F. B. Allnatt] ... New edition. With an enlarged appendix and additional notes.]</marc:subfield><marc:subfield code="d">pp. 94. Burns &amp; Oates: London, 1890. 8º.</marc:subfield><marc:subfield code="w">(Uk)MP1.0000000326.1</marc:subfield></marc:datafield><marc:datafield tag="852" ind1="4" ind2="1"><marc:subfield code="a">British Library</marc:subfield><marc:subfield code="b">HMNTS</marc:subfield><marc:subfield code="j">3943.b.35.</marc:subfield></marc:datafield><marc:datafield tag="886" ind1="2" ind2=" "><marc:subfield code="2">blmarc</marc:subfield><marc:subfield code="a">709</marc:subfield><marc:subfield code="b">00</marc:subfield><marc:subfield code="a">ALLNATT</marc:subfield><marc:subfield code="h">Charles F. B.</marc:subfield><marc:subfield code="p">3939.g.6.(5.)</marc:subfield><marc:subfield code="x">0060800135</marc:subfield><marc:subfield code="p">3943.b.35.</marc:subfield><marc:subfield code="x">0060800135</marc:subfield></marc:datafield><marc:datafield tag="886" ind1="2" ind2=" "><marc:subfield code="2">blmarc</marc:subfield><marc:subfield code="a">709</marc:subfield><marc:subfield code="b">00</marc:subfield><marc:subfield code="a">CHURCH</marc:subfield><marc:subfield code="p">3939.g.6.(5.)</marc:subfield><marc:subfield code="x">0621750344</marc:subfield><marc:subfield code="p">3943.b.35.</marc:subfield><marc:subfield code="x">0621750344</marc:subfield></marc:datafield></marc:record>