
<marc:record><marc:leader>00932cam a22002173  4500</marc:leader>
<marc:controlfield tag="001">000000337</marc:controlfield>
<marc:controlfield tag="003">Uk</marc:controlfield><marc:controlfield tag="005">20110119131900.0</marc:controlfield><marc:controlfield tag="008">870813|1860|||||||    ||     ||| |||||  </marc:controlfield><marc:datafield tag="040" ind1=" " ind2=" "><marc:subfield code="a">Uk</marc:subfield><marc:subfield code="c">Uk</marc:subfield></marc:datafield><marc:datafield tag="100" ind1="1" ind2=" "><marc:subfield code="a">A., C. H.</marc:subfield></marc:datafield><marc:datafield tag="245" ind1="1" ind2="0"><marc:subfield code="a">Bidrag till femtio-ȧriga minnet af Döbeln och Björneborgarne i finska kriget 1808 och 1809. Anteckningar af en civil tjensteman vid Björneborgs regemente (C. H. A.); utgifne med ... noter af J. O. J. Rancken. Inledde med ett förord af G. Montgomery, etc.</marc:subfield></marc:datafield><marc:datafield tag="260" ind1=" " ind2=" "><marc:subfield code="a">Stockholm,</marc:subfield><marc:subfield code="c">1860.</marc:subfield></marc:datafield><marc:datafield tag="300" ind1=" " ind2=" "><marc:subfield code="a">8. 206 p. ;</marc:subfield><marc:subfield code="c">12º.</marc:subfield></marc:datafield><marc:datafield tag="700" ind1="1" ind2=" "><marc:subfield code="a">MANKELL, Julius.</marc:subfield></marc:datafield><marc:datafield tag="700" ind1="1" ind2=" "><marc:subfield code="a">MONTGOMERY, Gustaf.</marc:subfield></marc:datafield><marc:datafield tag="700" ind1="1" ind2=" "><marc:subfield code="a">RANCKEN, J. Oskar I.</marc:subfield></marc:datafield><marc:datafield tag="852" ind1="4" ind2="1"><marc:subfield code="a">British Library</marc:subfield><marc:subfield code="b">HMNTS</marc:subfield><marc:subfield code="j">10290.b.33.</marc:subfield></marc:datafield><marc:datafield tag="886" ind1="2" ind2=" "><marc:subfield code="2">blmarc</marc:subfield><marc:subfield code="a">709</marc:subfield><marc:subfield code="b">00</marc:subfield><marc:subfield code="a">MANKELL</marc:subfield><marc:subfield code="h">Julius</marc:subfield><marc:subfield code="p">10290.b.33.</marc:subfield><marc:subfield code="x">2100360310</marc:subfield></marc:datafield><marc:datafield tag="886" ind1="2" ind2=" "><marc:subfield code="2">blmarc</marc:subfield><marc:subfield code="a">709</marc:subfield><marc:subfield code="b">00</marc:subfield><marc:subfield code="a">MONTGOMERY</marc:subfield><marc:subfield code="h">Gustaf</marc:subfield><marc:subfield code="p">10290.b.33.</marc:subfield><marc:subfield code="x">225281019X</marc:subfield></marc:datafield><marc:datafield tag="886" ind1="2" ind2=" "><marc:subfield code="2">blmarc</marc:subfield><marc:subfield code="a">709</marc:subfield><marc:subfield code="b">00</marc:subfield><marc:subfield code="a">RANCKEN</marc:subfield><marc:subfield code="h">J. Oskar I.</marc:subfield><marc:subfield code="p">10290.b.33.</marc:subfield><marc:subfield code="x">2701970245</marc:subfield></marc:datafield></marc:record>