
<marc:record><marc:leader>01083cam a22002533  4500</marc:leader>
<marc:controlfield tag="001">000000362</marc:controlfield>
<marc:controlfield tag="003">Uk</marc:controlfield><marc:controlfield tag="005">20110119132100.0</marc:controlfield><marc:controlfield tag="008">870813|1843|||||||    ||     ||| |||||  </marc:controlfield><marc:datafield tag="040" ind1=" " ind2=" "><marc:subfield code="a">Uk</marc:subfield><marc:subfield code="c">Uk</marc:subfield></marc:datafield><marc:datafield tag="100" ind1="1" ind2=" "><marc:subfield code="a">A., D. de.</marc:subfield></marc:datafield><marc:datafield tag="245" ind1="1" ind2="0"><marc:subfield code="a">Meteorología, ó Fenómenos de la atmósfera. Por D. de A. [i.e. Domingo de Aristizábal] segun Teiseydre, Arago y otros.</marc:subfield></marc:datafield><marc:datafield tag="260" ind1=" " ind2=" "><marc:subfield code="a">Barcelona :</marc:subfield><marc:subfield code="b">Imprenta de Juan Oliveres,</marc:subfield><marc:subfield code="c">1843.</marc:subfield></marc:datafield><marc:datafield tag="300" ind1=" " ind2=" "><marc:subfield code="a">77 p. ;</marc:subfield><marc:subfield code="c">15 cm.</marc:subfield></marc:datafield><marc:datafield tag="490" ind1="0" ind2=" "><marc:subfield code="a">(Mosaico de conocimientos científicos. tratado 4.)</marc:subfield></marc:datafield><marc:datafield tag="700" ind1="1" ind2=" "><marc:subfield code="a">Arago, F.</marc:subfield><marc:subfield code="q">(François),</marc:subfield><marc:subfield code="d">1786-1853.</marc:subfield><marc:subfield code="t">Appendix.</marc:subfield></marc:datafield><marc:datafield tag="700" ind1="1" ind2=" "><marc:subfield code="a">ARISTIZÁBAL, Domingo de.</marc:subfield></marc:datafield><marc:datafield tag="700" ind1="1" ind2=" "><marc:subfield code="a">PERSON DE TEYSSÈDRE, A.</marc:subfield></marc:datafield><marc:datafield tag="720" ind1=" " ind2=" "><marc:subfield code="a">METEOROLOGIA</marc:subfield></marc:datafield><marc:datafield tag="852" ind1="4" ind2="1"><marc:subfield code="a">British Library</marc:subfield><marc:subfield code="b">HMNTS</marc:subfield><marc:subfield code="j">1606/943.(3.)</marc:subfield></marc:datafield><marc:datafield tag="886" ind1="2" ind2=" "><marc:subfield code="2">blmarc</marc:subfield><marc:subfield code="a">709</marc:subfield><marc:subfield code="b">00</marc:subfield><marc:subfield code="a">ARAGO</marc:subfield><marc:subfield code="h">Dominique François Jean</marc:subfield><marc:subfield code="t">Appendix</marc:subfield><marc:subfield code="p">1606/943.(3.)</marc:subfield><marc:subfield code="x">0101180012</marc:subfield></marc:datafield><marc:datafield tag="886" ind1="2" ind2=" "><marc:subfield code="2">blmarc</marc:subfield><marc:subfield code="a">709</marc:subfield><marc:subfield code="b">00</marc:subfield><marc:subfield code="a">ARISTIZÁBAL</marc:subfield><marc:subfield code="h">Domingo de</marc:subfield><marc:subfield code="p">1606/943.(3.)</marc:subfield><marc:subfield code="x">0110170083</marc:subfield></marc:datafield><marc:datafield tag="886" ind1="2" ind2=" "><marc:subfield code="2">blmarc</marc:subfield><marc:subfield code="a">709</marc:subfield><marc:subfield code="b">00</marc:subfield><marc:subfield code="a">METEOROLOGIA</marc:subfield><marc:subfield code="p">1606/943.(3.)</marc:subfield><marc:subfield code="x">2193060010</marc:subfield></marc:datafield><marc:datafield tag="886" ind1="2" ind2=" "><marc:subfield code="2">blmarc</marc:subfield><marc:subfield code="a">709</marc:subfield><marc:subfield code="b">00</marc:subfield><marc:subfield code="a">PERSON DE TEYSSÈDRE</marc:subfield><marc:subfield code="h">A.</marc:subfield><marc:subfield code="p">1606/943.(3.)</marc:subfield><marc:subfield code="x">2552450245</marc:subfield></marc:datafield></marc:record>