
<marc:record><marc:leader>00773cam a22001693  4500</marc:leader>
<marc:controlfield tag="001">000000393</marc:controlfield>
<marc:controlfield tag="003">Uk</marc:controlfield><marc:controlfield tag="005">20080129083959.0</marc:controlfield><marc:controlfield tag="008">870813|1808|||||||    ||     ||| |||||  </marc:controlfield><marc:datafield tag="040" ind1=" " ind2=" "><marc:subfield code="a">Uk</marc:subfield><marc:subfield code="c">Uk</marc:subfield></marc:datafield><marc:datafield tag="100" ind1="1" ind2=" "><marc:subfield code="a">A., D. R.</marc:subfield></marc:datafield><marc:datafield tag="245" ind1="1" ind2="0"><marc:subfield code="a">Derechos de Fernando VII. Vindicados, y justo dictamen que formara la posteridad sobre los sucesos de España ocurridos en el año de 1808, en oposicion á los Diarios de Madrid, y especialmente contra el dictamen de un Español que se dice imparcial ... Por un verdadero Español. D. R. A.</marc:subfield></marc:datafield><marc:datafield tag="260" ind1=" " ind2=" "><marc:subfield code="a">Cadiz,</marc:subfield><marc:subfield code="c">[1808?]</marc:subfield></marc:datafield><marc:datafield tag="300" ind1=" " ind2=" "><marc:subfield code="a">47 p. ;</marc:subfield><marc:subfield code="c">4º.</marc:subfield></marc:datafield><marc:datafield tag="700" ind1="0" ind2=" "><marc:subfield code="a">Ferdinand</marc:subfield><marc:subfield code="b">VII,</marc:subfield><marc:subfield code="c">King of Spain,</marc:subfield><marc:subfield code="d">1784-1833</marc:subfield></marc:datafield><marc:datafield tag="852" ind1="4" ind2="1"><marc:subfield code="a">British Library</marc:subfield><marc:subfield code="b">HMNTS</marc:subfield><marc:subfield code="j">9180.c.2.(11.)</marc:subfield></marc:datafield><marc:datafield tag="886" ind1="2" ind2=" "><marc:subfield code="2">blmarc</marc:subfield><marc:subfield code="a">709</marc:subfield><marc:subfield code="b">00</marc:subfield><marc:subfield code="a">FERDINAND VII., King of Spain</marc:subfield><marc:subfield code="p">9180.c.2.(11.)</marc:subfield><marc:subfield code="x">1071680218</marc:subfield></marc:datafield></marc:record>