
<marc:record><marc:leader>01502cam a22002413  4500</marc:leader>
<marc:controlfield tag="001">000000402</marc:controlfield>
<marc:controlfield tag="003">Uk</marc:controlfield><marc:controlfield tag="005">20110119131900.0</marc:controlfield><marc:controlfield tag="008">870813|1825|||||||    ||     ||| |||||  </marc:controlfield><marc:datafield tag="040" ind1=" " ind2=" "><marc:subfield code="a">Uk</marc:subfield><marc:subfield code="c">Uk</marc:subfield></marc:datafield><marc:datafield tag="100" ind1="1" ind2=" "><marc:subfield code="a">A., D. V. R.</marc:subfield></marc:datafield><marc:datafield tag="245" ind1="1" ind2="0"><marc:subfield code="a">[Comedia nueva, intitulada: Lo Cierto por lo Dudoso, o la muger firme. En tres actos [and in verse]. Por D. V. R. A. [i.e. Vicente Rodriguez de Arellano.] Formada por la que con el mismo título escribió el celebre Lope de Vega.]</marc:subfield></marc:datafield><marc:datafield tag="250" ind1=" " ind2=" "><marc:subfield code="a">[Another edition.]</marc:subfield></marc:datafield><marc:datafield tag="260" ind1=" " ind2=" "><marc:subfield code="a">Valencia,</marc:subfield><marc:subfield code="c">1825.</marc:subfield></marc:datafield><marc:datafield tag="300" ind1=" " ind2=" "><marc:subfield code="a">28 p. ;</marc:subfield><marc:subfield code="c">4º.</marc:subfield></marc:datafield><marc:datafield tag="700" ind1="1" ind2=" "><marc:subfield code="a">RODRÍGUEZ DE ARELLANO Y EL ARCO, Vicente.</marc:subfield></marc:datafield><marc:datafield tag="700" ind1="1" ind2=" "><marc:subfield code="a">Vega, Lope de,</marc:subfield><marc:subfield code="d">1562-1635.</marc:subfield><marc:subfield code="t">Plays. Separate Plays. Lo Cierto por lo Dudoso, comedia en tres actos y en verso.</marc:subfield></marc:datafield><marc:datafield tag="720" ind1=" " ind2=" "><marc:subfield code="a">CIERTO</marc:subfield></marc:datafield><marc:datafield tag="787" ind1="0" ind2=" "><marc:subfield code="t">Comedia nueva, intitulada: Lo Cierto por lo Dudoso, o la muger firme. En tres actos [and in verse]. Por D. V. R. A. [i.e. Vicente Rodriguez de Arellano.] Formada por la que con el mismo título escribió el celebre Lope de Vega.</marc:subfield><marc:subfield code="d">pp. 28. [Madrid, 1800?] 4º.</marc:subfield><marc:subfield code="w">(Uk)MP1.0000000389</marc:subfield></marc:datafield><marc:datafield tag="852" ind1="4" ind2="1"><marc:subfield code="a">British Library</marc:subfield><marc:subfield code="b">HMNTS</marc:subfield><marc:subfield code="j">1342.e.5.(3.)</marc:subfield></marc:datafield><marc:datafield tag="886" ind1="2" ind2=" "><marc:subfield code="2">blmarc</marc:subfield><marc:subfield code="a">709</marc:subfield><marc:subfield code="b">00</marc:subfield><marc:subfield code="a">CIERTO</marc:subfield><marc:subfield code="p">11728.h.2.(19.)</marc:subfield><marc:subfield code="x">0624500020</marc:subfield><marc:subfield code="p">1342.e.5.(3.)</marc:subfield><marc:subfield code="x">0624500020</marc:subfield></marc:datafield><marc:datafield tag="886" ind1="2" ind2=" "><marc:subfield code="2">blmarc</marc:subfield><marc:subfield code="a">709</marc:subfield><marc:subfield code="b">00</marc:subfield><marc:subfield code="a">RODRÍGUEZ DE ARELLANO Y EL ARCO</marc:subfield><marc:subfield code="h">Vicente</marc:subfield><marc:subfield code="p">11728.h.2.(19.)</marc:subfield><marc:subfield code="x">2784640132</marc:subfield><marc:subfield code="p">1342.e.5.(3.)</marc:subfield><marc:subfield code="x">2784640132</marc:subfield></marc:datafield><marc:datafield tag="886" ind1="2" ind2=" "><marc:subfield code="2">blmarc</marc:subfield><marc:subfield code="a">709</marc:subfield><marc:subfield code="b">00</marc:subfield><marc:subfield code="a">VEGA CARPIO</marc:subfield><marc:subfield code="h">Lope Felix de</marc:subfield><marc:subfield code="t">Plays</marc:subfield><marc:subfield code="t">Separate Plays</marc:subfield><marc:subfield code="t">Lo Cierto por lo Dudoso, comedia en tres actos y en verso.</marc:subfield><marc:subfield code="p">1342.e.5.(3.)</marc:subfield><marc:subfield code="x">3374400310</marc:subfield></marc:datafield></marc:record>