
<marc:record><marc:leader>00642cam a22001573  4500</marc:leader>
<marc:controlfield tag="001">000000404</marc:controlfield>
<marc:controlfield tag="003">Uk</marc:controlfield><marc:controlfield tag="005">20110119131900.0</marc:controlfield><marc:controlfield tag="008">870813|1820|||||||    ||     ||| |||||  </marc:controlfield><marc:datafield tag="040" ind1=" " ind2=" "><marc:subfield code="a">Uk</marc:subfield><marc:subfield code="c">Uk</marc:subfield></marc:datafield><marc:datafield tag="100" ind1="1" ind2=" "><marc:subfield code="a">A., D. V. R. D.</marc:subfield></marc:datafield><marc:datafield tag="245" ind1="1" ind2="0"><marc:subfield code="a">Comedia nueva. La Muger de dos Maridos. En tres actos [and in verse]. Por D. V. R. D. A. [i.e. Vicente Rodriguez de Arellano.]</marc:subfield></marc:datafield><marc:datafield tag="260" ind1=" " ind2=" "><marc:subfield code="a">[Madrid,</marc:subfield><marc:subfield code="c">1820?]</marc:subfield></marc:datafield><marc:datafield tag="300" ind1=" " ind2=" "><marc:subfield code="a">36 p. ;</marc:subfield><marc:subfield code="c">4º.</marc:subfield></marc:datafield><marc:datafield tag="775" ind1="0" ind2=" "><marc:subfield code="t">[Comedia nueva. La Muger de dos Maridos. En tres actos [and in verse]. Por D. V. R. D. A. [i.e. Vicente Rodriguez de Arellano.]]</marc:subfield><marc:subfield code="d">pp. 32. 1825.</marc:subfield><marc:subfield code="w">(Uk)MP1.0000000391.1</marc:subfield></marc:datafield><marc:datafield tag="852" ind1="4" ind2="1"><marc:subfield code="a">British Library</marc:subfield><marc:subfield code="b">HMNTS</marc:subfield><marc:subfield code="j">1342.e.5.(4.)</marc:subfield></marc:datafield></marc:record>