
<marc:record><marc:leader>00774cam a22001813  4500</marc:leader>
<marc:controlfield tag="001">000000405</marc:controlfield>
<marc:controlfield tag="003">Uk</marc:controlfield><marc:controlfield tag="005">20120224165900.0</marc:controlfield><marc:controlfield tag="008">870813|1825|||||||    ||     ||| |||||  </marc:controlfield><marc:datafield tag="040" ind1=" " ind2=" "><marc:subfield code="a">Uk</marc:subfield><marc:subfield code="c">Uk</marc:subfield></marc:datafield><marc:datafield tag="100" ind1="1" ind2=" "><marc:subfield code="a">A., D. V. R. D.</marc:subfield></marc:datafield><marc:datafield tag="245" ind1="1" ind2="0"><marc:subfield code="a">[Comedia nueva. La Muger de dos Maridos. En tres actos [and in verse]. Por D. V. R. D. A. [i.e. Vicente Rodriguez de Arellano.]]</marc:subfield></marc:datafield><marc:datafield tag="250" ind1=" " ind2=" "><marc:subfield code="a">[Another edition].</marc:subfield></marc:datafield><marc:datafield tag="260" ind1=" " ind2=" "><marc:subfield code="c">1825.</marc:subfield></marc:datafield><marc:datafield tag="300" ind1=" " ind2=" "><marc:subfield code="a">32 p.</marc:subfield></marc:datafield><marc:datafield tag="580" ind1=" " ind2=" "><marc:subfield code="a">In : Spanish Chap, Books. [A Collection of Spanish Chapbooks, etc.] 1762- etc. 4º.</marc:subfield></marc:datafield><marc:datafield tag="787" ind1="0" ind2=" "><marc:subfield code="t">Comedia nueva. La Muger de dos Maridos. En tres actos [and in verse]. Por D. V. R. D. A. [i.e. Vicente Rodriguez de Arellano.]</marc:subfield><marc:subfield code="d">pp. 36. [Madrid, 1820?] 4º.</marc:subfield><marc:subfield code="w">(Uk)MP1.0000000391</marc:subfield></marc:datafield><marc:datafield tag="852" ind1="4" ind2="1"><marc:subfield code="a">British Library</marc:subfield><marc:subfield code="b">HMNTS</marc:subfield><marc:subfield code="j">12330.l.10.(82.)</marc:subfield></marc:datafield></marc:record>