
<marc:record><marc:leader>00639cam a22001693  4500</marc:leader>
<marc:controlfield tag="001">000000410</marc:controlfield>
<marc:controlfield tag="003">Uk</marc:controlfield><marc:controlfield tag="005">20070517100116.0</marc:controlfield><marc:controlfield tag="008">870813|1864||||enk    ||     ||| ||eng  </marc:controlfield><marc:datafield tag="040" ind1=" " ind2=" "><marc:subfield code="a">Uk</marc:subfield><marc:subfield code="c">Uk</marc:subfield></marc:datafield><marc:datafield tag="100" ind1="0" ind2=" "><marc:subfield code="a">E. A.</marc:subfield></marc:datafield><marc:datafield tag="245" ind1="1" ind2="4"><marc:subfield code="a">The English and Australian Cookery Book. Cookery for the many, as well as for the “upper ten thousand.” By an Australian Aristologist. [The preface signed: E. A.]</marc:subfield></marc:datafield><marc:datafield tag="260" ind1=" " ind2=" "><marc:subfield code="a">London :</marc:subfield><marc:subfield code="b">Sampson Low &amp; Co.,</marc:subfield><marc:subfield code="c">1864.</marc:subfield></marc:datafield><marc:datafield tag="300" ind1=" " ind2=" "><marc:subfield code="a">xxxii, 292 p. ;</marc:subfield><marc:subfield code="c">8º.</marc:subfield></marc:datafield><marc:datafield tag="720" ind1=" " ind2=" "><marc:subfield code="a">ENGLISH COOKERY BOOK</marc:subfield></marc:datafield><marc:datafield tag="852" ind1="4" ind2="1"><marc:subfield code="a">British Library</marc:subfield><marc:subfield code="b">HMNTS</marc:subfield><marc:subfield code="j">D-7953.aaa.20.</marc:subfield></marc:datafield><marc:datafield tag="886" ind1="2" ind2=" "><marc:subfield code="2">blmarc</marc:subfield><marc:subfield code="a">709</marc:subfield><marc:subfield code="b">00</marc:subfield><marc:subfield code="a">ENGLISH COOKERY BOOK</marc:subfield><marc:subfield code="p">MIC.A.6901.(11.)</marc:subfield><marc:subfield code="x">1010430017</marc:subfield></marc:datafield></marc:record>