
<marc:record><marc:leader>00728cam a22001813  4500</marc:leader>
<marc:controlfield tag="001">000000414</marc:controlfield>
<marc:controlfield tag="003">Uk</marc:controlfield><marc:controlfield tag="005">20070517100102.0</marc:controlfield><marc:controlfield tag="008">870813|1873|||||||    ||     ||| |||||  </marc:controlfield><marc:datafield tag="040" ind1=" " ind2=" "><marc:subfield code="a">Uk</marc:subfield><marc:subfield code="c">Uk</marc:subfield></marc:datafield><marc:datafield tag="100" ind1="1" ind2=" "><marc:subfield code="a">Ash, Edward,</marc:subfield><marc:subfield code="d">1797-1873</marc:subfield></marc:datafield><marc:datafield tag="245" ind1="1" ind2="0"><marc:subfield code="a">George Fox, his character, doctrine, and work. An Essay, by a Member of the Society of Friends. [The preface signed: E. A. i.e. Edward Ash.]</marc:subfield></marc:datafield><marc:datafield tag="260" ind1=" " ind2=" "><marc:subfield code="a">London :</marc:subfield><marc:subfield code="b">S. Harris &amp; Co.,</marc:subfield><marc:subfield code="c">1873.</marc:subfield></marc:datafield><marc:datafield tag="300" ind1=" " ind2=" "><marc:subfield code="a">43 p. ;</marc:subfield><marc:subfield code="c">8º.</marc:subfield></marc:datafield><marc:datafield tag="700" ind1="1" ind2=" "><marc:subfield code="a">Fox, George,</marc:subfield><marc:subfield code="d">1624-1691.</marc:subfield><marc:subfield code="t">Appendix.</marc:subfield></marc:datafield><marc:datafield tag="852" ind1="4" ind2="1"><marc:subfield code="a">British Library</marc:subfield><marc:subfield code="b">HMNTS</marc:subfield><marc:subfield code="j">4139.c.4.</marc:subfield></marc:datafield><marc:datafield tag="886" ind1="2" ind2=" "><marc:subfield code="2">blmarc</marc:subfield><marc:subfield code="a">709</marc:subfield><marc:subfield code="b">00</marc:subfield><marc:subfield code="a">ASH</marc:subfield><marc:subfield code="h">Edward</marc:subfield><marc:subfield code="p">4139.c.4.</marc:subfield><marc:subfield code="x">0123010012</marc:subfield></marc:datafield><marc:datafield tag="886" ind1="2" ind2=" "><marc:subfield code="2">blmarc</marc:subfield><marc:subfield code="a">709</marc:subfield><marc:subfield code="b">00</marc:subfield><marc:subfield code="a">FOX</marc:subfield><marc:subfield code="h">George</marc:subfield><marc:subfield code="f">Founder of the Society of Friends</marc:subfield><marc:subfield code="t">Appendix</marc:subfield><marc:subfield code="p">4139.c.4.</marc:subfield><marc:subfield code="x">1123810001</marc:subfield></marc:datafield></marc:record>