
<marc:record><marc:leader>00749cam a22001813  4500</marc:leader>
<marc:controlfield tag="001">000000416</marc:controlfield>
<marc:controlfield tag="003">Uk</marc:controlfield><marc:controlfield tag="005">20070517100428.0</marc:controlfield><marc:controlfield tag="008">870813|1841|||||||    ||     ||| |||||  </marc:controlfield><marc:datafield tag="040" ind1=" " ind2=" "><marc:subfield code="a">Uk</marc:subfield><marc:subfield code="c">Uk</marc:subfield></marc:datafield><marc:datafield tag="100" ind1="1" ind2=" "><marc:subfield code="a">Ash, Edward,</marc:subfield><marc:subfield code="d">1797-1873</marc:subfield></marc:datafield><marc:datafield tag="245" ind1="1" ind2="3"><marc:subfield code="a">An Inquiry into some parts of Christian Doctrine and Practice, having relation more especially to the Society of Friends. With an appendix. [The preface signed: E. A. i.e. Edward Ash.]</marc:subfield></marc:datafield><marc:datafield tag="260" ind1=" " ind2=" "><marc:subfield code="a">pp. xxiv. 400. Hamilton, Adams &amp; Co.; Edmund Fry: London, 1841.</marc:subfield></marc:datafield><marc:datafield tag="300" ind1=" " ind2=" "><marc:subfield code="a">8º.</marc:subfield></marc:datafield><marc:datafield tag="720" ind1=" " ind2=" "><marc:subfield code="a">CHRISTIAN DOCTRINE</marc:subfield></marc:datafield><marc:datafield tag="852" ind1="4" ind2="1"><marc:subfield code="a">British Library</marc:subfield><marc:subfield code="b">HMNTS</marc:subfield><marc:subfield code="j">4152.aaa.37.</marc:subfield></marc:datafield><marc:datafield tag="886" ind1="2" ind2=" "><marc:subfield code="2">blmarc</marc:subfield><marc:subfield code="a">709</marc:subfield><marc:subfield code="b">00</marc:subfield><marc:subfield code="a">ASH</marc:subfield><marc:subfield code="h">Edward</marc:subfield><marc:subfield code="p">4152.aaaa.37.</marc:subfield><marc:subfield code="x">0123010020</marc:subfield></marc:datafield><marc:datafield tag="886" ind1="2" ind2=" "><marc:subfield code="2">blmarc</marc:subfield><marc:subfield code="a">709</marc:subfield><marc:subfield code="b">00</marc:subfield><marc:subfield code="a">CHRISTIAN DOCTRINE</marc:subfield><marc:subfield code="p">4152.aaaa.37.</marc:subfield><marc:subfield code="x">0614400058</marc:subfield></marc:datafield></marc:record>