
<marc:record><marc:leader>00793cam a22001933  4500</marc:leader>
<marc:controlfield tag="001">000000463</marc:controlfield>
<marc:controlfield tag="003">Uk</marc:controlfield><marc:controlfield tag="005">20120203162600.0</marc:controlfield><marc:controlfield tag="008">870813|1885|||||||    ||     ||| |||||  </marc:controlfield><marc:datafield tag="040" ind1=" " ind2=" "><marc:subfield code="a">Uk</marc:subfield><marc:subfield code="c">Uk</marc:subfield></marc:datafield><marc:datafield tag="100" ind1="1" ind2=" "><marc:subfield code="a">A., E. S.</marc:subfield></marc:datafield><marc:datafield tag="245" ind1="1" ind2="0"><marc:subfield code="a">Gordon: a woman's memories of him, and his letters to her from the Holy Land. [The introduction signed: E. S. A., i.e. Elizabeth Surtees-Allnatt.]</marc:subfield></marc:datafield><marc:datafield tag="260" ind1=" " ind2=" "><marc:subfield code="a">London :</marc:subfield><marc:subfield code="b">Remington &amp; Co.,</marc:subfield><marc:subfield code="c">1885.</marc:subfield></marc:datafield><marc:datafield tag="300" ind1=" " ind2=" "><marc:subfield code="a">iii, 74 p. ;</marc:subfield><marc:subfield code="c">8º.</marc:subfield></marc:datafield><marc:datafield tag="700" ind1="1" ind2=" "><marc:subfield code="a">ALLNATT, Elizabeth Surtees.</marc:subfield></marc:datafield><marc:datafield tag="700" ind1="1" ind2=" "><marc:subfield code="a">Gordon, Charles George,</marc:subfield><marc:subfield code="d">1833-1885.</marc:subfield><marc:subfield code="t">Letters.</marc:subfield></marc:datafield><marc:datafield tag="852" ind1="4" ind2="1"><marc:subfield code="a">British Library</marc:subfield><marc:subfield code="b">HMNTS</marc:subfield><marc:subfield code="j">10921.aaa.5.</marc:subfield></marc:datafield><marc:datafield tag="886" ind1="2" ind2=" "><marc:subfield code="2">blmarc</marc:subfield><marc:subfield code="a">709</marc:subfield><marc:subfield code="b">00</marc:subfield><marc:subfield code="a">ALLNATT</marc:subfield><marc:subfield code="h">Elizabeth Surtees</marc:subfield><marc:subfield code="p">10921.aaa.5.</marc:subfield><marc:subfield code="x">0060800178</marc:subfield></marc:datafield><marc:datafield tag="886" ind1="2" ind2=" "><marc:subfield code="2">blmarc</marc:subfield><marc:subfield code="a">709</marc:subfield><marc:subfield code="b">00</marc:subfield><marc:subfield code="a">GORDON</marc:subfield><marc:subfield code="h">Charles George</marc:subfield><marc:subfield code="f">Major-General</marc:subfield><marc:subfield code="t">Letters</marc:subfield><marc:subfield code="p">10921.aaa.5.</marc:subfield><marc:subfield code="x">1284610160</marc:subfield></marc:datafield></marc:record>