
<marc:record><marc:leader>00868cam a22001813  4500</marc:leader>
<marc:controlfield tag="001">000000467</marc:controlfield>
<marc:controlfield tag="003">Uk</marc:controlfield><marc:controlfield tag="005">20111222151700.0</marc:controlfield><marc:controlfield tag="008">870813|1848|||||||    ||     ||| |||||  </marc:controlfield><marc:datafield tag="040" ind1=" " ind2=" "><marc:subfield code="a">Uk</marc:subfield><marc:subfield code="c">Uk</marc:subfield></marc:datafield><marc:datafield tag="100" ind1="1" ind2=" "><marc:subfield code="a">A., E. S.</marc:subfield></marc:datafield><marc:datafield tag="245" ind1="1" ind2="0"><marc:subfield code="a">Principles of Protestantism, considered with a view to unity. By the author of “Proposals for Christian Union” (E. S. A. [i.e. Ernest S. Appleyard]).</marc:subfield></marc:datafield><marc:datafield tag="260" ind1=" " ind2=" "><marc:subfield code="a">London :</marc:subfield><marc:subfield code="b">James Darling,</marc:subfield><marc:subfield code="c">1848.</marc:subfield></marc:datafield><marc:datafield tag="300" ind1=" " ind2=" "><marc:subfield code="a">144 p. ;</marc:subfield><marc:subfield code="c">12º.</marc:subfield></marc:datafield><marc:datafield tag="720" ind1=" " ind2=" "><marc:subfield code="a">PROTESTANTISM</marc:subfield></marc:datafield><marc:datafield tag="775" ind1="0" ind2=" "><marc:subfield code="t">[Principles of Protestantism, considered with a view to unity. By the author of “Proposals for Christian Union” (E. S. A. [i.e. Ernest S. Appleyard]).]</marc:subfield><marc:subfield code="d">pp. 146. James Darling: London, 1849. 12º.</marc:subfield><marc:subfield code="w">(Uk)MP1.0000000451.1</marc:subfield></marc:datafield><marc:datafield tag="852" ind1="4" ind2="1"><marc:subfield code="a">British Library</marc:subfield><marc:subfield code="b">HMNTS</marc:subfield><marc:subfield code="j">4107.aa.58.(2.)</marc:subfield></marc:datafield><marc:datafield tag="886" ind1="2" ind2=" "><marc:subfield code="2">blmarc</marc:subfield><marc:subfield code="a">709</marc:subfield><marc:subfield code="b">00</marc:subfield><marc:subfield code="a">PROTESTANTISM</marc:subfield><marc:subfield code="p">3939.d.3.</marc:subfield><marc:subfield code="x">2663210250</marc:subfield><marc:subfield code="p">4107.aa.58.(2.)</marc:subfield><marc:subfield code="x">2663210250</marc:subfield></marc:datafield></marc:record>