
<marc:record><marc:leader>00743cam a22001573  4500</marc:leader>
<marc:controlfield tag="001">000000470</marc:controlfield>
<marc:controlfield tag="003">Uk</marc:controlfield><marc:controlfield tag="005">20111222151700.0</marc:controlfield><marc:controlfield tag="008">870813|1848|||||||    ||     ||| |||||  </marc:controlfield><marc:datafield tag="040" ind1=" " ind2=" "><marc:subfield code="a">Uk</marc:subfield><marc:subfield code="c">Uk</marc:subfield></marc:datafield><marc:datafield tag="100" ind1="1" ind2=" "><marc:subfield code="a">A., E. S.</marc:subfield></marc:datafield><marc:datafield tag="245" ind1="1" ind2="2"><marc:subfield code="a">A Sure Hope of Reconciliation. To which is prefixed, Proposals for Christian Union. By a Member of the Church of England (E. S. A. [i.e. Ernest Appleyard]).</marc:subfield></marc:datafield><marc:datafield tag="260" ind1=" " ind2=" "><marc:subfield code="a">London :</marc:subfield><marc:subfield code="b">James Darling,</marc:subfield><marc:subfield code="c">1848.</marc:subfield></marc:datafield><marc:datafield tag="300" ind1=" " ind2=" "><marc:subfield code="a">148 p. ;</marc:subfield><marc:subfield code="c">12º.</marc:subfield></marc:datafield><marc:datafield tag="775" ind1="0" ind2=" "><marc:subfield code="t">[A Sure Hope of Reconciliation. To which is prefixed, Proposals for Christian Union. By a Member of the Church of England (E. S. A. [i.e. Ernest Appleyard])]</marc:subfield><marc:subfield code="d">pp. 136. James Darling: London, 1849. 8º.</marc:subfield><marc:subfield code="w">(Uk)MP1.0000000453.1</marc:subfield></marc:datafield><marc:datafield tag="852" ind1="4" ind2="1"><marc:subfield code="a">British Library</marc:subfield><marc:subfield code="b">HMNTS</marc:subfield><marc:subfield code="j">4107.aa.58.(1.)</marc:subfield></marc:datafield></marc:record>