
<marc:record><marc:leader>01050cam a22001933  4500</marc:leader>
<marc:controlfield tag="001">000000479</marc:controlfield>
<marc:controlfield tag="003">Uk</marc:controlfield><marc:controlfield tag="005">20110119131900.0</marc:controlfield><marc:controlfield tag="008">870813|1856|||||||    ||     ||| ||eng  </marc:controlfield><marc:datafield tag="040" ind1=" " ind2=" "><marc:subfield code="a">Uk</marc:subfield><marc:subfield code="c">Uk</marc:subfield></marc:datafield><marc:datafield tag="100" ind1="1" ind2=" "><marc:subfield code="a">A., E. S.</marc:subfield></marc:datafield><marc:datafield tag="245" ind1="1" ind2="4"><marc:subfield code="a">The World in which I live, and my place in it. By E. S. A. [i.e. Letitia Willgoss Stone.] Edited by ... J. H. Broome.</marc:subfield></marc:datafield><marc:datafield tag="260" ind1=" " ind2=" "><marc:subfield code="a">London :</marc:subfield><marc:subfield code="b">Wertheim &amp; Macintosh,</marc:subfield><marc:subfield code="c">1856.</marc:subfield></marc:datafield><marc:datafield tag="300" ind1=" " ind2=" "><marc:subfield code="a">lxxxvii, 782 p. ;</marc:subfield><marc:subfield code="c">12º.</marc:subfield></marc:datafield><marc:datafield tag="700" ind1="1" ind2=" "><marc:subfield code="a">BROOME, John Henry.</marc:subfield></marc:datafield><marc:datafield tag="775" ind1="0" ind2=" "><marc:subfield code="t">[The World in which I live, and my place in it. By E. S. A. [i.e. Letitia Willgoss Stone.] Edited by ... J. H. Broome.]</marc:subfield><marc:subfield code="d">pp. lxvii. 567. Wertheim &amp; Macintosh: London, 1857. 12º.</marc:subfield><marc:subfield code="w">(Uk)MP1.0000000457.1</marc:subfield></marc:datafield><marc:datafield tag="775" ind1="0" ind2=" "><marc:subfield code="t">[The World in which I live, and my place in it. By E. S. A. [i.e. Letitia Willgoss Stone.] Edited by ... J. H. Broome.]</marc:subfield><marc:subfield code="d">William Macintosh: London, 1875. 8º.</marc:subfield><marc:subfield code="w">(Uk)MP1.0000000457.2</marc:subfield></marc:datafield><marc:datafield tag="852" ind1="4" ind2="1"><marc:subfield code="a">British Library</marc:subfield><marc:subfield code="b">HMNTS</marc:subfield><marc:subfield code="j">9007.d.29.</marc:subfield></marc:datafield><marc:datafield tag="886" ind1="2" ind2=" "><marc:subfield code="2">blmarc</marc:subfield><marc:subfield code="a">709</marc:subfield><marc:subfield code="b">00</marc:subfield><marc:subfield code="a">BROOME</marc:subfield><marc:subfield code="h">John Henry</marc:subfield><marc:subfield code="p">9006.ee.10.</marc:subfield><marc:subfield code="x">0440230047</marc:subfield><marc:subfield code="p">9007.d.28.</marc:subfield><marc:subfield code="x">0440230047</marc:subfield><marc:subfield code="p">9007.d.29.</marc:subfield><marc:subfield code="x">0440230047</marc:subfield></marc:datafield></marc:record>