
<marc:record><marc:leader>00713cam a22001933  4500</marc:leader>
<marc:controlfield tag="001">000000493</marc:controlfield>
<marc:controlfield tag="003">Uk</marc:controlfield><marc:controlfield tag="005">20120120152500.0</marc:controlfield><marc:controlfield tag="008">950524|1841|||||||    ||    o||| |||||  </marc:controlfield><marc:datafield tag="040" ind1=" " ind2=" "><marc:subfield code="a">Uk</marc:subfield><marc:subfield code="c">Uk</marc:subfield></marc:datafield><marc:datafield tag="100" ind1="0" ind2=" "><marc:subfield code="a">F. A.</marc:subfield></marc:datafield><marc:datafield tag="245" ind1="1" ind2="0"><marc:subfield code="a">Die Lehre von den Landständen nach gemeinem deutschen Staatsrechte. Ein publicistischer Versuch von F. A.</marc:subfield></marc:datafield><marc:datafield tag="260" ind1=" " ind2=" "><marc:subfield code="a">Lemgo,</marc:subfield><marc:subfield code="c">1841.</marc:subfield></marc:datafield><marc:datafield tag="300" ind1=" " ind2=" "><marc:subfield code="a">xii, 135 p. ;</marc:subfield><marc:subfield code="c">8º.</marc:subfield></marc:datafield><marc:datafield tag="710" ind1="1" ind2=" "><marc:subfield code="a">GERMANY.</marc:subfield><marc:subfield code="b">Landstände.</marc:subfield></marc:datafield><marc:datafield tag="710" ind1="1" ind2=" "><marc:subfield code="a">Germany.</marc:subfield><marc:subfield code="t">Appendix. Law</marc:subfield></marc:datafield><marc:datafield tag="852" ind1="4" ind2="1"><marc:subfield code="a">British Library</marc:subfield><marc:subfield code="b">HMNTS</marc:subfield><marc:subfield code="j">5511.g.6.</marc:subfield></marc:datafield><marc:datafield tag="886" ind1="2" ind2=" "><marc:subfield code="2">blmarc</marc:subfield><marc:subfield code="a">709</marc:subfield><marc:subfield code="b">00</marc:subfield><marc:subfield code="a">GERMANY</marc:subfield><marc:subfield code="d">Departments of State and Public Institutions</marc:subfield><marc:subfield code="d">Landstände</marc:subfield><marc:subfield code="p">5511.g.6.</marc:subfield><marc:subfield code="x">1231200197</marc:subfield></marc:datafield><marc:datafield tag="886" ind1="2" ind2=" "><marc:subfield code="2">blmarc</marc:subfield><marc:subfield code="a">709</marc:subfield><marc:subfield code="b">00</marc:subfield><marc:subfield code="a">GERMANY</marc:subfield><marc:subfield code="t">Appendix</marc:subfield><marc:subfield code="t">Law</marc:subfield><marc:subfield code="p">5511.g.6.</marc:subfield><marc:subfield code="x">1233140299</marc:subfield></marc:datafield></marc:record>