
<marc:record><marc:leader>00737cam a22001693  4500</marc:leader>
<marc:controlfield tag="001">000000496</marc:controlfield>
<marc:controlfield tag="003">Uk</marc:controlfield><marc:controlfield tag="005">20121115180900.0</marc:controlfield><marc:controlfield tag="008">870813|1888|||||||    ||    o||| |||||  </marc:controlfield><marc:datafield tag="040" ind1=" " ind2=" "><marc:subfield code="a">Uk</marc:subfield><marc:subfield code="c">Uk</marc:subfield></marc:datafield><marc:datafield tag="100" ind1="0" ind2=" "><marc:subfield code="a">F. A.</marc:subfield></marc:datafield><marc:datafield tag="245" ind1="1" ind2="0"><marc:subfield code="a">Neerlands Leger. Inlichtingen, betreffende: den vrijwilligen dienst bij de Korpsen, het Instructie-Bataljon, de Instructie-Compagnie ... [The preface signed: F. A.] Elfde uitgave, etc.</marc:subfield></marc:datafield><marc:datafield tag="260" ind1=" " ind2=" "><marc:subfield code="a">'s Gravenhage,</marc:subfield><marc:subfield code="c">[1888]</marc:subfield></marc:datafield><marc:datafield tag="300" ind1=" " ind2=" "><marc:subfield code="a">xi, 351 p. ;</marc:subfield><marc:subfield code="c">8º.</marc:subfield></marc:datafield><marc:datafield tag="710" ind1="1" ind2=" "><marc:subfield code="a">NETHERLANDS [Kingdom of the Netherlands.].</marc:subfield><marc:subfield code="b">Army.</marc:subfield></marc:datafield><marc:datafield tag="852" ind1="4" ind2="1"><marc:subfield code="a">British Library</marc:subfield><marc:subfield code="b">HMNTS</marc:subfield><marc:subfield code="j">8823.i.38.</marc:subfield></marc:datafield><marc:datafield tag="886" ind1="2" ind2=" "><marc:subfield code="2">blmarc</marc:subfield><marc:subfield code="a">709</marc:subfield><marc:subfield code="b">00</marc:subfield><marc:subfield code="a">NETHERLANDS [Kingdom of the Netherlands.]</marc:subfield><marc:subfield code="d">Departments of State and Government Institutions</marc:subfield><marc:subfield code="d">Army</marc:subfield><marc:subfield code="p">8823.i.38.</marc:subfield><marc:subfield code="x">2340800269</marc:subfield></marc:datafield></marc:record>