
<marc:record><marc:leader>00790cam a22001813  4500</marc:leader>
<marc:controlfield tag="001">000000497</marc:controlfield>
<marc:controlfield tag="003">Uk</marc:controlfield><marc:controlfield tag="005">20080730143910.0</marc:controlfield><marc:controlfield tag="008">950510|1816|||||||    ||     ||| |||||  </marc:controlfield><marc:datafield tag="040" ind1=" " ind2=" "><marc:subfield code="a">Uk</marc:subfield><marc:subfield code="c">Uk</marc:subfield></marc:datafield><marc:datafield tag="100" ind1="1" ind2=" "><marc:subfield code="a">ARTAUD, Antoine Marie François.</marc:subfield></marc:datafield><marc:datafield tag="245" ind1="1" ind2="0"><marc:subfield code="a">Notice des inscriptions antiques du Musée de Lyon. Par F. A** [i.e. A. M. F. Artaud].</marc:subfield></marc:datafield><marc:datafield tag="260" ind1=" " ind2=" "><marc:subfield code="a">Lyon,</marc:subfield><marc:subfield code="c">1816.</marc:subfield></marc:datafield><marc:datafield tag="300" ind1=" " ind2=" "><marc:subfield code="a">84 p. ;</marc:subfield><marc:subfield code="c">8º.</marc:subfield></marc:datafield><marc:datafield tag="710" ind1="2" ind2=" "><marc:subfield code="a">Musée de Lyon (LYONS)</marc:subfield></marc:datafield><marc:datafield tag="852" ind1="4" ind2="1"><marc:subfield code="a">British Library</marc:subfield><marc:subfield code="b">HMNTS</marc:subfield><marc:subfield code="j">British Museum Libraries</marc:subfield><marc:subfield code="z">Item is now held by another institution</marc:subfield></marc:datafield><marc:datafield tag="886" ind1="2" ind2=" "><marc:subfield code="2">blmarc</marc:subfield><marc:subfield code="a">709</marc:subfield><marc:subfield code="b">00</marc:subfield><marc:subfield code="a">ARTAUD</marc:subfield><marc:subfield code="h">Antoine Marie François</marc:subfield><marc:subfield code="p">Dept.of Greek &amp; Roman Antiquities.</marc:subfield><marc:subfield code="x">0121310019</marc:subfield></marc:datafield><marc:datafield tag="886" ind1="2" ind2=" "><marc:subfield code="2">blmarc</marc:subfield><marc:subfield code="a">709</marc:subfield><marc:subfield code="b">00</marc:subfield><marc:subfield code="a">LYONS</marc:subfield><marc:subfield code="d">Miscellaneous Institutions, Societies, etc.</marc:subfield><marc:subfield code="d">Musée de Lyon</marc:subfield><marc:subfield code="p">Dept.of Greek &amp; Roman Antiquities.</marc:subfield><marc:subfield code="x">2034360265</marc:subfield></marc:datafield></marc:record>