
<marc:record><marc:leader>00879cam a22002173  4500</marc:leader>
<marc:controlfield tag="001">000000503</marc:controlfield>
<marc:controlfield tag="003">Uk</marc:controlfield><marc:controlfield tag="005">20130710174400.0</marc:controlfield><marc:controlfield tag="008">870813|1886||||enk    ||     ||| |||||  </marc:controlfield><marc:datafield tag="040" ind1=" " ind2=" "><marc:subfield code="a">Uk</marc:subfield><marc:subfield code="c">Uk</marc:subfield></marc:datafield><marc:datafield tag="100" ind1="0" ind2=" "><marc:subfield code="a">F. A.</marc:subfield></marc:datafield><marc:datafield tag="245" ind1="1" ind2="0"><marc:subfield code="a">[Three-cornered Essays. By a Middle-aged Englishman (F. A. [i.e. Frederick Arnold]).]</marc:subfield></marc:datafield><marc:datafield tag="250" ind1=" " ind2=" "><marc:subfield code="a">[Another edition.]</marc:subfield></marc:datafield><marc:datafield tag="260" ind1=" " ind2=" "><marc:subfield code="a">London :</marc:subfield><marc:subfield code="b">Ward &amp; Downey,</marc:subfield><marc:subfield code="c">[1886]</marc:subfield></marc:datafield><marc:datafield tag="300" ind1=" " ind2=" "><marc:subfield code="a">ix, 314 p. ;</marc:subfield><marc:subfield code="c">8º.</marc:subfield></marc:datafield><marc:datafield tag="700" ind1="1" ind2=" "><marc:subfield code="a">Arnold, Frederick,</marc:subfield><marc:subfield code="d">1833-1891.</marc:subfield></marc:datafield><marc:datafield tag="720" ind1=" " ind2=" "><marc:subfield code="a">ESSAYS</marc:subfield></marc:datafield><marc:datafield tag="787" ind1="0" ind2=" "><marc:subfield code="t">Three-cornered Essays. By a Middle-aged Englishman (F. A. [i.e. Frederick Arnold]).</marc:subfield><marc:subfield code="d">pp. ix. 314. James Hogg: London, [1882.] 8º.</marc:subfield><marc:subfield code="w">(Uk)MP1.0000000478</marc:subfield></marc:datafield><marc:datafield tag="852" ind1="4" ind2="1"><marc:subfield code="a">British Library</marc:subfield><marc:subfield code="b">HMNTS</marc:subfield><marc:subfield code="j">12352.f.32.</marc:subfield></marc:datafield><marc:datafield tag="886" ind1="2" ind2=" "><marc:subfield code="2">blmarc</marc:subfield><marc:subfield code="a">709</marc:subfield><marc:subfield code="b">00</marc:subfield><marc:subfield code="a">ARNOLD</marc:subfield><marc:subfield code="h">Frederick</marc:subfield><marc:subfield code="f">Rev., B.A., of Christ Church, Oxford</marc:subfield><marc:subfield code="p">12352.f.32.</marc:subfield><marc:subfield code="x">0114460221</marc:subfield></marc:datafield><marc:datafield tag="886" ind1="2" ind2=" "><marc:subfield code="2">blmarc</marc:subfield><marc:subfield code="a">709</marc:subfield><marc:subfield code="b">00</marc:subfield><marc:subfield code="a">ESSAYS</marc:subfield><marc:subfield code="p">12352.f.32.</marc:subfield><marc:subfield code="x">1024990168</marc:subfield></marc:datafield></marc:record>