
<marc:record><marc:leader>00684cam a22001813  4500</marc:leader>
<marc:controlfield tag="001">000000515</marc:controlfield>
<marc:controlfield tag="003">Uk</marc:controlfield><marc:controlfield tag="005">20110119131900.0</marc:controlfield><marc:controlfield tag="008">870813|1881|||||||    ||     ||| |||||  </marc:controlfield><marc:datafield tag="040" ind1=" " ind2=" "><marc:subfield code="a">Uk</marc:subfield><marc:subfield code="c">Uk</marc:subfield></marc:datafield><marc:datafield tag="100" ind1="1" ind2=" "><marc:subfield code="a">A., F. C.</marc:subfield></marc:datafield><marc:datafield tag="245" ind1="1" ind2="0"><marc:subfield code="a">Looking up, etc.</marc:subfield></marc:datafield><marc:datafield tag="260" ind1=" " ind2=" "><marc:subfield code="a">London; New York, [1881.]</marc:subfield></marc:datafield><marc:datafield tag="300" ind1=" " ind2=" "><marc:subfield code="a">8º.</marc:subfield></marc:datafield><marc:datafield tag="700" ind1="1" ind2=" "><marc:subfield code="a">ARMSTRONG, Frances Charlotte.</marc:subfield></marc:datafield><marc:datafield tag="787" ind1="0" ind2=" "><marc:subfield code="t">Looking up; or, Nanny West and her grandson. By F. C. A. [i.e. Frances Charlotte Armstrong.]</marc:subfield><marc:subfield code="d">pp. 127. S.P.C.K.: London, [1874.] 16º.</marc:subfield><marc:subfield code="w">(Uk)MP1.0000000489</marc:subfield></marc:datafield><marc:datafield tag="852" ind1="4" ind2="1"><marc:subfield code="a">British Library</marc:subfield><marc:subfield code="b">HMNTS</marc:subfield><marc:subfield code="j">12652.c.5.</marc:subfield><marc:subfield code="3">[A reissue.]</marc:subfield></marc:datafield><marc:datafield tag="886" ind1="2" ind2=" "><marc:subfield code="2">blmarc</marc:subfield><marc:subfield code="a">709</marc:subfield><marc:subfield code="b">00</marc:subfield><marc:subfield code="a">ARMSTRONG</marc:subfield><marc:subfield code="h">Frances Charlotte</marc:subfield><marc:subfield code="p">12652.c.5.</marc:subfield><marc:subfield code="x">0112990118</marc:subfield><marc:subfield code="p">12803.de.39.</marc:subfield><marc:subfield code="x">0112990118</marc:subfield></marc:datafield></marc:record>