
<marc:record><marc:leader>00759cam a22001693  4500</marc:leader>
<marc:controlfield tag="001">000000530</marc:controlfield>
<marc:controlfield tag="003">Uk</marc:controlfield><marc:controlfield tag="005">20110119131900.0</marc:controlfield><marc:controlfield tag="008">870813|1817|||||||    ||     ||| |||||  </marc:controlfield><marc:datafield tag="040" ind1=" " ind2=" "><marc:subfield code="a">Uk</marc:subfield><marc:subfield code="c">Uk</marc:subfield></marc:datafield><marc:datafield tag="100" ind1="1" ind2=" "><marc:subfield code="a">A., F. M. DF. C. DC. DP. E.</marc:subfield></marc:datafield><marc:datafield tag="245" ind1="1" ind2="0"><marc:subfield code="a">[Descripção de Portugal, apontamentos, e notas da sua historia antiga, e moderna ... A. F. M. DF. C. DC. DP. E.A. [By Manoel de Figueiredo. With supplement.]]</marc:subfield></marc:datafield><marc:datafield tag="250" ind1=" " ind2=" "><marc:subfield code="a">[Another edition]</marc:subfield></marc:datafield><marc:datafield tag="260" ind1=" " ind2=" "><marc:subfield code="a">Lisboa,</marc:subfield><marc:subfield code="c">1817.</marc:subfield></marc:datafield><marc:datafield tag="300" ind1=" " ind2=" "><marc:subfield code="a">2 pt. ;</marc:subfield><marc:subfield code="c">8º.</marc:subfield></marc:datafield><marc:datafield tag="787" ind1="0" ind2=" "><marc:subfield code="t">Descripção de Portugal, apontamentos, e notas da sua historia antiga, e moderna ... A. F. M. DF. C. DC. DP. E.A. [By Manoel de Figueiredo. With supplement.]</marc:subfield><marc:subfield code="d">2 pt. Lisboa, 1788. 8º.</marc:subfield><marc:subfield code="w">(Uk)MP1.0000000505</marc:subfield></marc:datafield><marc:datafield tag="852" ind1="4" ind2="1"><marc:subfield code="a">British Library</marc:subfield><marc:subfield code="b">HMNTS</marc:subfield><marc:subfield code="j">574.e.29.</marc:subfield></marc:datafield></marc:record>