
<marc:record><marc:leader>00874cam a22001933  4500</marc:leader>
<marc:controlfield tag="001">000000537</marc:controlfield>
<marc:controlfield tag="003">Uk</marc:controlfield><marc:controlfield tag="005">20110119131900.0</marc:controlfield><marc:controlfield tag="008">870813|1820|||||||    ||     ||| |||||  </marc:controlfield><marc:datafield tag="040" ind1=" " ind2=" "><marc:subfield code="a">Uk</marc:subfield><marc:subfield code="c">Uk</marc:subfield></marc:datafield><marc:datafield tag="100" ind1="1" ind2=" "><marc:subfield code="a">A., F. P.</marc:subfield></marc:datafield><marc:datafield tag="245" ind1="1" ind2="0"><marc:subfield code="a">Remedio para el flujo de sangre, por el Médico de la Patria: y reflexiones sobre la Confederacion Patriotica al obispo de Malaga [i.e. on a pamphlet thus entitled]. [Signed: F. P. A., i.e. Pedro de Santa Ana.]</marc:subfield></marc:datafield><marc:datafield tag="260" ind1=" " ind2=" "><marc:subfield code="a">Méjico,</marc:subfield><marc:subfield code="c">1820.</marc:subfield></marc:datafield><marc:datafield tag="300" ind1=" " ind2=" "><marc:subfield code="a">12 p. ;</marc:subfield><marc:subfield code="c">4º.</marc:subfield></marc:datafield><marc:datafield tag="700" ind1="1" ind2=" "><marc:subfield code="a">SANTA ANA, Pedro de.</marc:subfield></marc:datafield><marc:datafield tag="710" ind1="2" ind2=" "><marc:subfield code="a">Confederacion patriotica (MALAGA)</marc:subfield></marc:datafield><marc:datafield tag="852" ind1="4" ind2="1"><marc:subfield code="a">British Library</marc:subfield><marc:subfield code="b">HMNTS</marc:subfield><marc:subfield code="j">M-9770.bb.5.(8.)</marc:subfield><marc:subfield code="q">Copy at M-9770.bb.5.(8.). Mislaid: noted as wanting 26 October 2012.</marc:subfield></marc:datafield><marc:datafield tag="886" ind1="2" ind2=" "><marc:subfield code="2">blmarc</marc:subfield><marc:subfield code="a">709</marc:subfield><marc:subfield code="b">00</marc:subfield><marc:subfield code="a">MALAGA</marc:subfield><marc:subfield code="d">Confederacion patriotica</marc:subfield><marc:subfield code="p">9770.bb.5.(8.)</marc:subfield><marc:subfield code="x">2083950046</marc:subfield></marc:datafield><marc:datafield tag="886" ind1="2" ind2=" "><marc:subfield code="2">blmarc</marc:subfield><marc:subfield code="a">709</marc:subfield><marc:subfield code="b">00</marc:subfield><marc:subfield code="a">SANTA ANA</marc:subfield><marc:subfield code="h">Pedro de</marc:subfield><marc:subfield code="p">9770.bb.5.(8.)</marc:subfield><marc:subfield code="x">2894390009</marc:subfield></marc:datafield></marc:record>