
<marc:record><marc:leader>01057cam a22002173  4500</marc:leader>
<marc:controlfield tag="001">000000539</marc:controlfield>
<marc:controlfield tag="003">Uk</marc:controlfield><marc:controlfield tag="005">20110119131900.0</marc:controlfield><marc:controlfield tag="008">870813|1822|||||||    ||     ||| |||||  </marc:controlfield><marc:datafield tag="040" ind1=" " ind2=" "><marc:subfield code="a">Uk</marc:subfield><marc:subfield code="c">Uk</marc:subfield></marc:datafield><marc:datafield tag="100" ind1="1" ind2=" "><marc:subfield code="a">A., F. P.</marc:subfield></marc:datafield><marc:datafield tag="245" ind1="1" ind2="0"><marc:subfield code="a">Lo dicho, dicho, tambien los de peluca las toman. [Signed: Peor es meneallo. A reply to “Respuesta” signed: F. P. A., i.e. P. de Santa Ana, “á la Carta confidencial contra el papel titulado: No paga Iturbide con condenarse,” by J. Dominguez Manso.]</marc:subfield></marc:datafield><marc:datafield tag="260" ind1=" " ind2=" "><marc:subfield code="a">México,</marc:subfield><marc:subfield code="c">1822.</marc:subfield></marc:datafield><marc:datafield tag="300" ind1=" " ind2=" "><marc:subfield code="a">12 p. ;</marc:subfield><marc:subfield code="c">4º.</marc:subfield></marc:datafield><marc:datafield tag="700" ind1="1" ind2=" "><marc:subfield code="a">DOMINGUEZ MANSO, José.</marc:subfield></marc:datafield><marc:datafield tag="700" ind1="1" ind2=" "><marc:subfield code="a">ITURBIDE, Agustín de,</marc:subfield><marc:subfield code="c">sometimes called Emperor of Mexico.</marc:subfield><marc:subfield code="t">Appendix.</marc:subfield></marc:datafield><marc:datafield tag="700" ind1="1" ind2=" "><marc:subfield code="a">SANTA ANA, Pedro de.</marc:subfield></marc:datafield><marc:datafield tag="852" ind1="4" ind2="1"><marc:subfield code="a">British Library</marc:subfield><marc:subfield code="b">HMNTS</marc:subfield><marc:subfield code="j">9770.bb.11.(12.)</marc:subfield></marc:datafield><marc:datafield tag="886" ind1="2" ind2=" "><marc:subfield code="2">blmarc</marc:subfield><marc:subfield code="a">709</marc:subfield><marc:subfield code="b">00</marc:subfield><marc:subfield code="a">DOMINGUEZ MANSO</marc:subfield><marc:subfield code="h">José</marc:subfield><marc:subfield code="p">9770.bb.11.(12.)</marc:subfield><marc:subfield code="x">0853010021</marc:subfield></marc:datafield><marc:datafield tag="886" ind1="2" ind2=" "><marc:subfield code="2">blmarc</marc:subfield><marc:subfield code="a">709</marc:subfield><marc:subfield code="b">00</marc:subfield><marc:subfield code="a">ITURBIDE</marc:subfield><marc:subfield code="h">Agustín de</marc:subfield><marc:subfield code="f">sometimes called Emperor of Mexico</marc:subfield><marc:subfield code="t">Appendix</marc:subfield><marc:subfield code="p">9770.bb.11.(12.)</marc:subfield><marc:subfield code="x">1613360169</marc:subfield></marc:datafield><marc:datafield tag="886" ind1="2" ind2=" "><marc:subfield code="2">blmarc</marc:subfield><marc:subfield code="a">709</marc:subfield><marc:subfield code="b">00</marc:subfield><marc:subfield code="a">SANTA ANA</marc:subfield><marc:subfield code="h">Pedro de</marc:subfield><marc:subfield code="p">9770.bb.11.(12.)</marc:subfield><marc:subfield code="x">2894390025</marc:subfield></marc:datafield></marc:record>