
<marc:record><marc:leader>00943cam a22002053  4500</marc:leader>
<marc:controlfield tag="001">000000541</marc:controlfield>
<marc:controlfield tag="003">Uk</marc:controlfield><marc:controlfield tag="005">20110119131900.0</marc:controlfield><marc:controlfield tag="008">031117|1854|||||||    ||     ||| |||||  </marc:controlfield><marc:datafield tag="040" ind1=" " ind2=" "><marc:subfield code="a">Uk</marc:subfield><marc:subfield code="c">Uk</marc:subfield></marc:datafield><marc:datafield tag="100" ind1="1" ind2=" "><marc:subfield code="a">SCOTT, George Gilbert,</marc:subfield><marc:subfield code="c">Sir.</marc:subfield></marc:datafield><marc:datafield tag="245" ind1="1" ind2="0"><marc:subfield code="a">Consecration versus Desecration. An appeal to the Lord Bishop of London against the Bill for the destruction of city churches and the sale of burial grounds. [Signed: F. R. I. B. A., i.e. Sir George Gilbert Scott.]</marc:subfield></marc:datafield><marc:datafield tag="260" ind1=" " ind2=" "><marc:subfield code="a">pp. 31. J. B. Nichols &amp; Sons: [London;] J. H. Parker: Oxford &amp; London; G. Bell: [London,] 1854.</marc:subfield></marc:datafield><marc:datafield tag="300" ind1=" " ind2=" "><marc:subfield code="a">8º.</marc:subfield></marc:datafield><marc:datafield tag="700" ind1="1" ind2=" "><marc:subfield code="a">A., F. R. I. B.</marc:subfield></marc:datafield><marc:datafield tag="700" ind1="1" ind2=" "><marc:subfield code="a">Blomfield, Charles James,</marc:subfield><marc:subfield code="d">1786-1857.</marc:subfield></marc:datafield><marc:datafield tag="720" ind1=" " ind2=" "><marc:subfield code="a">CONSECRATION</marc:subfield></marc:datafield><marc:datafield tag="852" ind1="4" ind2="1"><marc:subfield code="a">British Library</marc:subfield><marc:subfield code="b">HMNTS</marc:subfield><marc:subfield code="j">C.194.a.370.</marc:subfield></marc:datafield><marc:datafield tag="886" ind1="2" ind2=" "><marc:subfield code="2">blmarc</marc:subfield><marc:subfield code="a">709</marc:subfield><marc:subfield code="b">00</marc:subfield><marc:subfield code="a">BLOMFIELD</marc:subfield><marc:subfield code="h">Charles James</marc:subfield><marc:subfield code="f">successively Bishop of Chester and of London</marc:subfield><marc:subfield code="p">4108.c.1.</marc:subfield><marc:subfield code="x">0344630102</marc:subfield></marc:datafield><marc:datafield tag="886" ind1="2" ind2=" "><marc:subfield code="2">blmarc</marc:subfield><marc:subfield code="a">709</marc:subfield><marc:subfield code="b">00</marc:subfield><marc:subfield code="a">CONSECRATION</marc:subfield><marc:subfield code="p">Unallocated</marc:subfield><marc:subfield code="x">0682120006</marc:subfield></marc:datafield></marc:record>