
<marc:record><marc:leader>00650cam a22001693  4500</marc:leader>
<marc:controlfield tag="001">000000551</marc:controlfield>
<marc:controlfield tag="003">Uk</marc:controlfield><marc:controlfield tag="005">20111222151700.0</marc:controlfield><marc:controlfield tag="008">870813|1840|||||||    ||     ||| |||||  </marc:controlfield><marc:datafield tag="040" ind1=" " ind2=" "><marc:subfield code="a">Uk</marc:subfield><marc:subfield code="c">Uk</marc:subfield></marc:datafield><marc:datafield tag="100" ind1="1" ind2=" "><marc:subfield code="a">A., G.</marc:subfield></marc:datafield><marc:datafield tag="245" ind1="1" ind2="2"><marc:subfield code="a">A voi Piero, Virginia e Lucrezia, innocentissimi pargoletti del Marchese Pompeo Azzolino e di Emilia dei Marchesi Rinuccini questo ritratto della madre vostra ... intitolava G. A.</marc:subfield></marc:datafield><marc:datafield tag="260" ind1=" " ind2=" "><marc:subfield code="a">[Florence,</marc:subfield><marc:subfield code="c">1840?]</marc:subfield></marc:datafield><marc:datafield tag="300" ind1=" " ind2=" "><marc:subfield code="a">18 p. ;</marc:subfield><marc:subfield code="c">8º.</marc:subfield></marc:datafield><marc:datafield tag="700" ind1="1" ind2=" "><marc:subfield code="a">AZZOLINO, Emilia,</marc:subfield><marc:subfield code="c">Marchioness.</marc:subfield></marc:datafield><marc:datafield tag="852" ind1="4" ind2="1"><marc:subfield code="a">British Library</marc:subfield><marc:subfield code="b">HMNTS</marc:subfield><marc:subfield code="j">10630.cc.26.(2.)</marc:subfield></marc:datafield><marc:datafield tag="886" ind1="2" ind2=" "><marc:subfield code="2">blmarc</marc:subfield><marc:subfield code="a">709</marc:subfield><marc:subfield code="b">00</marc:subfield><marc:subfield code="a">AZZOLINO</marc:subfield><marc:subfield code="h">Emilia</marc:subfield><marc:subfield code="f">Marchioness</marc:subfield><marc:subfield code="p">10630.cc.26.(2.)</marc:subfield><marc:subfield code="x">0151430179</marc:subfield></marc:datafield></marc:record>