
<marc:record><marc:leader>00813cam a22001813  4500</marc:leader>
<marc:controlfield tag="001">000000565</marc:controlfield>
<marc:controlfield tag="003">Uk</marc:controlfield><marc:controlfield tag="005">20080410094721.0</marc:controlfield><marc:controlfield tag="008">870813|1804|||||||    ||     ||| |||||  </marc:controlfield><marc:datafield tag="040" ind1=" " ind2=" "><marc:subfield code="a">Uk</marc:subfield><marc:subfield code="c">Uk</marc:subfield></marc:datafield><marc:datafield tag="100" ind1="1" ind2=" "><marc:subfield code="a">Atwood, G.</marc:subfield><marc:subfield code="q">(George),</marc:subfield><marc:subfield code="d">1745-1807.</marc:subfield></marc:datafield><marc:datafield tag="245" ind1="1" ind2="2"><marc:subfield code="a">A Supplement to a tract, entitled A Treatise on the Construction and Properties of Arches ... Part II. By the author of the first part. [The preface signed: G. A., i.e. George Atwood.]</marc:subfield></marc:datafield><marc:datafield tag="260" ind1=" " ind2=" "><marc:subfield code="a">pp. xii. 47. pl. v. T. Egerton; J. Taylor: London, 1804.</marc:subfield></marc:datafield><marc:datafield tag="300" ind1=" " ind2=" "><marc:subfield code="a">4º.</marc:subfield></marc:datafield><marc:datafield tag="852" ind1="4" ind2="1"><marc:subfield code="a">British Library</marc:subfield><marc:subfield code="b">HMNTS</marc:subfield><marc:subfield code="j">B.470.(9.)</marc:subfield></marc:datafield><marc:datafield tag="852" ind1="4" ind2="1"><marc:subfield code="a">British Library</marc:subfield><marc:subfield code="b">HMNTS</marc:subfield><marc:subfield code="j">61.e.8.</marc:subfield><marc:subfield code="3">[Another copy.]</marc:subfield></marc:datafield><marc:datafield tag="886" ind1="2" ind2=" "><marc:subfield code="2">blmarc</marc:subfield><marc:subfield code="a">709</marc:subfield><marc:subfield code="b">00</marc:subfield><marc:subfield code="a">ATWOOD</marc:subfield><marc:subfield code="h">George</marc:subfield><marc:subfield code="f">F.R.S., Fellow of Trinity College, Cambridge</marc:subfield><marc:subfield code="p">B.470.(9.)</marc:subfield><marc:subfield code="x">0132900211</marc:subfield></marc:datafield><marc:datafield tag="886" ind1="2" ind2=" "><marc:subfield code="2">blmarc</marc:subfield><marc:subfield code="a">709</marc:subfield><marc:subfield code="b">00</marc:subfield><marc:subfield code="a">TREATISE</marc:subfield><marc:subfield code="p">B.470.(9.)</marc:subfield><marc:subfield code="x">3290460037</marc:subfield></marc:datafield></marc:record>