
<marc:record><marc:leader>01144cam a22002413  4500</marc:leader>
<marc:controlfield tag="001">000000570</marc:controlfield>
<marc:controlfield tag="003">Uk</marc:controlfield><marc:controlfield tag="005">20120420175200.0</marc:controlfield><marc:controlfield tag="008">870813|1875|||||||    ||     ||| |||||  </marc:controlfield><marc:datafield tag="040" ind1=" " ind2=" "><marc:subfield code="a">Uk</marc:subfield><marc:subfield code="c">Uk</marc:subfield></marc:datafield><marc:datafield tag="100" ind1="1" ind2=" "><marc:subfield code="a">A., G. d'.</marc:subfield></marc:datafield><marc:datafield tag="245" ind1="1" ind2="0"><marc:subfield code="a">Indagini storiche, artistiche e bibliografiche sulla Libreria Visconteo-Sforzesca del Castello di Pavia. Compilate ed illustrate con documenti inediti per cura di un Bibliofilo (G. d' A. [i.e. Marquis Girolamo d'Adda]). (Parte prima.-Appendice.).</marc:subfield></marc:datafield><marc:datafield tag="260" ind1=" " ind2=" "><marc:subfield code="a">Milano,</marc:subfield><marc:subfield code="c">1875, 79.</marc:subfield></marc:datafield><marc:datafield tag="300" ind1=" " ind2=" "><marc:subfield code="a">2 pt. ;</marc:subfield><marc:subfield code="c">8º.</marc:subfield></marc:datafield><marc:datafield tag="500" ind1=" " ind2=" "><marc:subfield code="a">No more published.</marc:subfield></marc:datafield><marc:datafield tag="700" ind1="1" ind2=" "><marc:subfield code="a">ADDA, Girolamo d',</marc:subfield><marc:subfield code="c">Marquis.</marc:subfield></marc:datafield><marc:datafield tag="710" ind1="2" ind2=" "><marc:subfield code="a">Castello (PAVIA).</marc:subfield><marc:subfield code="b">Libreria Visconteo-Sforzesca.</marc:subfield></marc:datafield><marc:datafield tag="720" ind1=" " ind2=" "><marc:subfield code="a">BIBLIOFILO</marc:subfield></marc:datafield><marc:datafield tag="852" ind1="4" ind2="1"><marc:subfield code="a">British Library</marc:subfield><marc:subfield code="b">HMNTS</marc:subfield><marc:subfield code="j">11902.i.26.</marc:subfield></marc:datafield><marc:datafield tag="852" ind1="4" ind2="1"><marc:subfield code="a">British Library</marc:subfield><marc:subfield code="b">HMNTS</marc:subfield><marc:subfield code="j">11900.i.9.</marc:subfield><marc:subfield code="3">[Another copy.] Indagini storiche, etc. Milano, 1875, 79. 8º.</marc:subfield></marc:datafield><marc:datafield tag="886" ind1="2" ind2=" "><marc:subfield code="2">blmarc</marc:subfield><marc:subfield code="a">709</marc:subfield><marc:subfield code="b">00</marc:subfield><marc:subfield code="a">ADDA</marc:subfield><marc:subfield code="h">Girolamo d'</marc:subfield><marc:subfield code="f">Marquis</marc:subfield><marc:subfield code="p">11900.i.9.</marc:subfield><marc:subfield code="x">0022780041</marc:subfield><marc:subfield code="p">11902.i.26.</marc:subfield><marc:subfield code="x">0022780041</marc:subfield></marc:datafield><marc:datafield tag="886" ind1="2" ind2=" "><marc:subfield code="2">blmarc</marc:subfield><marc:subfield code="a">709</marc:subfield><marc:subfield code="b">00</marc:subfield><marc:subfield code="a">BIBLIOFILO</marc:subfield><marc:subfield code="p">11902.i.26.</marc:subfield><marc:subfield code="x">0320060144</marc:subfield></marc:datafield><marc:datafield tag="886" ind1="2" ind2=" "><marc:subfield code="2">blmarc</marc:subfield><marc:subfield code="a">709</marc:subfield><marc:subfield code="b">00</marc:subfield><marc:subfield code="a">PAVIA</marc:subfield><marc:subfield code="d">Castello</marc:subfield><marc:subfield code="d">Libreria Visconteo-Sforzesca</marc:subfield><marc:subfield code="p">11902.i.26.</marc:subfield><marc:subfield code="x">2493620321</marc:subfield></marc:datafield></marc:record>