
<marc:record><marc:leader>00823cam a22001933  4500</marc:leader>
<marc:controlfield tag="001">000000599</marc:controlfield>
<marc:controlfield tag="003">Uk</marc:controlfield><marc:controlfield tag="005">20110119131900.0</marc:controlfield><marc:controlfield tag="008">870813|1848|||||||    ||     ||| |||||  </marc:controlfield><marc:datafield tag="040" ind1=" " ind2=" "><marc:subfield code="a">Uk</marc:subfield><marc:subfield code="c">Uk</marc:subfield></marc:datafield><marc:datafield tag="100" ind1="1" ind2=" "><marc:subfield code="a">A., H.</marc:subfield></marc:datafield><marc:datafield tag="245" ind1="1" ind2="0"><marc:subfield code="a">Forms of Prayer for Public Worship, selected, with alterations, from the services of the Church of England and various sources ... Fifth edition. [The preface signed: H. A.]</marc:subfield></marc:datafield><marc:datafield tag="260" ind1=" " ind2=" "><marc:subfield code="a">pp. 114. H. H. Welsford: Exeter; John Chapman: [London.] 1848.</marc:subfield></marc:datafield><marc:datafield tag="300" ind1=" " ind2=" "><marc:subfield code="a">12º.</marc:subfield></marc:datafield><marc:datafield tag="720" ind1=" " ind2=" "><marc:subfield code="a">FORMS</marc:subfield></marc:datafield><marc:datafield tag="730" ind1="0" ind2=" "><marc:subfield code="a">Liturgies. Church of England. Common Prayer. Adaptations</marc:subfield></marc:datafield><marc:datafield tag="852" ind1="4" ind2="1"><marc:subfield code="a">British Library</marc:subfield><marc:subfield code="b">HMNTS</marc:subfield><marc:subfield code="j">03440.df.15.(1.)</marc:subfield></marc:datafield><marc:datafield tag="886" ind1="2" ind2=" "><marc:subfield code="2">blmarc</marc:subfield><marc:subfield code="a">709</marc:subfield><marc:subfield code="b">00</marc:subfield><marc:subfield code="a">FORMS</marc:subfield><marc:subfield code="p">03440.df.15.(1.)</marc:subfield><marc:subfield code="x">1113950129</marc:subfield></marc:datafield><marc:datafield tag="886" ind1="2" ind2=" "><marc:subfield code="2">blmarc</marc:subfield><marc:subfield code="a">709</marc:subfield><marc:subfield code="b">00</marc:subfield><marc:subfield code="a">LITURGIES</marc:subfield><marc:subfield code="t">Church of England</marc:subfield><marc:subfield code="t">Common Prayer</marc:subfield><marc:subfield code="t">Adaptations</marc:subfield><marc:subfield code="p">03440.df.15.(1.)</marc:subfield><marc:subfield code="x">1944580220</marc:subfield></marc:datafield></marc:record>