
<marc:record><marc:leader>00632cam a22001693  4500</marc:leader>
<marc:controlfield tag="001">000000606</marc:controlfield>
<marc:controlfield tag="003">Uk</marc:controlfield><marc:controlfield tag="005">20111222151700.0</marc:controlfield><marc:controlfield tag="008">870813|1886|||||||    ||     ||| ||eng  </marc:controlfield><marc:datafield tag="040" ind1=" " ind2=" "><marc:subfield code="a">Uk</marc:subfield><marc:subfield code="c">Uk</marc:subfield></marc:datafield><marc:datafield tag="100" ind1="1" ind2=" "><marc:subfield code="a">A., H.</marc:subfield></marc:datafield><marc:datafield tag="245" ind1="1" ind2="4"><marc:subfield code="a">The Rise and Progress of Sir Timothy Buncombe ... An extra-moral biography. By the author of “Thomas Wanless, Peasant.” (H. A. [or rather, Alexander Johnstone Wilson.]).</marc:subfield></marc:datafield><marc:datafield tag="260" ind1=" " ind2=" "><marc:subfield code="a">Manchester :</marc:subfield><marc:subfield code="b">John Dale,</marc:subfield><marc:subfield code="c">1886.</marc:subfield></marc:datafield><marc:datafield tag="300" ind1=" " ind2=" "><marc:subfield code="a">340 p. ;</marc:subfield><marc:subfield code="c">8º.</marc:subfield></marc:datafield><marc:datafield tag="700" ind1="1" ind2=" "><marc:subfield code="a">BUNCOMBE, Timothy,</marc:subfield><marc:subfield code="c">Sir.</marc:subfield></marc:datafield><marc:datafield tag="852" ind1="4" ind2="1"><marc:subfield code="a">British Library</marc:subfield><marc:subfield code="b">HMNTS</marc:subfield><marc:subfield code="j">12613.l.6.</marc:subfield></marc:datafield><marc:datafield tag="886" ind1="2" ind2=" "><marc:subfield code="2">blmarc</marc:subfield><marc:subfield code="a">709</marc:subfield><marc:subfield code="b">00</marc:subfield><marc:subfield code="a">BUNCOMBE</marc:subfield><marc:subfield code="e">Sir</marc:subfield><marc:subfield code="h">Timothy</marc:subfield><marc:subfield code="p">12613.l.6.</marc:subfield><marc:subfield code="x">0472880047</marc:subfield></marc:datafield></marc:record>