
<marc:record><marc:leader>00822cam a22001933  4500</marc:leader>
<marc:controlfield tag="001">000000608</marc:controlfield>
<marc:controlfield tag="003">Uk</marc:controlfield><marc:controlfield tag="005">20130615210700.0</marc:controlfield><marc:controlfield tag="008">870813|1876|||||||    ||     ||| ||eng  </marc:controlfield><marc:datafield tag="040" ind1=" " ind2=" "><marc:subfield code="a">Uk</marc:subfield><marc:subfield code="c">Uk</marc:subfield></marc:datafield><marc:datafield tag="100" ind1="1" ind2=" "><marc:subfield code="a">A., H.</marc:subfield></marc:datafield><marc:datafield tag="245" ind1="1" ind2="4"><marc:subfield code="a">The Scourge of Venus. Edited, with introduction and notes and illustrations by the Rev. Alexander B. Grosart.</marc:subfield></marc:datafield><marc:datafield tag="260" ind1=" " ind2=" "><marc:subfield code="a">Manchester :</marc:subfield><marc:subfield code="b">C. E. Simms,</marc:subfield><marc:subfield code="c">1876.</marc:subfield></marc:datafield><marc:datafield tag="300" ind1=" " ind2=" "><marc:subfield code="a">viii, 48 p. ;</marc:subfield><marc:subfield code="c">4º.</marc:subfield></marc:datafield><marc:datafield tag="490" ind1="0" ind2=" "><marc:subfield code="a">[Occasional Issues of Unique or Very Rare Books. vol. 3.]</marc:subfield></marc:datafield><marc:datafield tag="500" ind1=" " ind2=" "><marc:subfield code="a">No. 4 of an edition of fifty copies, printed for the subscribers.</marc:subfield></marc:datafield><marc:datafield tag="700" ind1="0" ind2=" "><marc:subfield code="a">Ovid,</marc:subfield><marc:subfield code="d">43 B.C.-17 A.D. or 18 A.D.</marc:subfield><marc:subfield code="t">Metamorphoses. English. Single Books.</marc:subfield></marc:datafield><marc:datafield tag="852" ind1="4" ind2="1"><marc:subfield code="a">British Library</marc:subfield><marc:subfield code="b">HMNTS</marc:subfield><marc:subfield code="j">2326.g.3.(3.)</marc:subfield></marc:datafield><marc:datafield tag="886" ind1="2" ind2=" "><marc:subfield code="2">blmarc</marc:subfield><marc:subfield code="a">709</marc:subfield><marc:subfield code="b">00</marc:subfield><marc:subfield code="a">OVIDIUS NASO</marc:subfield><marc:subfield code="h">Publius</marc:subfield><marc:subfield code="t">Metamorphoses</marc:subfield><marc:subfield code="t">English</marc:subfield><marc:subfield code="t">Single Books</marc:subfield><marc:subfield code="p">2326.g.3.(3.)</marc:subfield><marc:subfield code="x">2441410075</marc:subfield></marc:datafield></marc:record>