
<marc:record><marc:leader>00652cam a22001813  4500</marc:leader>
<marc:controlfield tag="001">000000617</marc:controlfield>
<marc:controlfield tag="003">Uk</marc:controlfield><marc:controlfield tag="005">20130815190400.0</marc:controlfield><marc:controlfield tag="008">870813|1878|||||||    ||     ||| |||||  </marc:controlfield><marc:datafield tag="040" ind1=" " ind2=" "><marc:subfield code="a">Uk</marc:subfield><marc:subfield code="c">Uk</marc:subfield></marc:datafield><marc:datafield tag="100" ind1="1" ind2=" "><marc:subfield code="a">A., H. C.</marc:subfield></marc:datafield><marc:datafield tag="245" ind1="1" ind2="0"><marc:subfield code="a">[Religious tracts. By H. C. A., i.e. H. C. Anstey.]</marc:subfield></marc:datafield><marc:datafield tag="260" ind1=" " ind2=" "><marc:subfield code="a">London :</marc:subfield><marc:subfield code="b">G. Morrish,</marc:subfield><marc:subfield code="c">[1878-1903]</marc:subfield></marc:datafield><marc:datafield tag="300" ind1=" " ind2=" "><marc:subfield code="a">8 pt. ;</marc:subfield><marc:subfield code="c">16º &amp; 32º.</marc:subfield></marc:datafield><marc:datafield tag="500" ind1=" " ind2=" "><marc:subfield code="a">These tracts usually bear only the initials, but are occasionally signed in full at the end.</marc:subfield></marc:datafield><marc:datafield tag="700" ind1="1" ind2=" "><marc:subfield code="a">ANSTEY, H. C.,</marc:subfield><marc:subfield code="c">Religious writer.</marc:subfield></marc:datafield><marc:datafield tag="852" ind1="4" ind2="1"><marc:subfield code="a">British Library</marc:subfield><marc:subfield code="b">HMNTS</marc:subfield><marc:subfield code="j">04420.g.41.</marc:subfield></marc:datafield><marc:datafield tag="886" ind1="2" ind2=" "><marc:subfield code="2">blmarc</marc:subfield><marc:subfield code="a">709</marc:subfield><marc:subfield code="b">00</marc:subfield><marc:subfield code="a">ANSTEY</marc:subfield><marc:subfield code="h">H. C.</marc:subfield><marc:subfield code="f">Religious writer</marc:subfield><marc:subfield code="p">04420.g.41.</marc:subfield><marc:subfield code="x">0091800013</marc:subfield></marc:datafield></marc:record>