
<marc:record><marc:leader>00758cam a22001813  4500</marc:leader>
<marc:controlfield tag="001">000000629</marc:controlfield>
<marc:controlfield tag="003">Uk</marc:controlfield><marc:controlfield tag="005">20120511180400.0</marc:controlfield><marc:controlfield tag="008">950307|1862|||||||    ||     ||| |||||  </marc:controlfield><marc:datafield tag="040" ind1=" " ind2=" "><marc:subfield code="a">Uk</marc:subfield><marc:subfield code="c">Uk</marc:subfield></marc:datafield><marc:datafield tag="100" ind1="1" ind2=" "><marc:subfield code="a">A., H. W.</marc:subfield></marc:datafield><marc:datafield tag="245" ind1="1" ind2="0"><marc:subfield code="a">Prints for Cottage Walls. A paper, etc. [By H. W. A., i.e. Sir Henry W. Acland.]</marc:subfield></marc:datafield><marc:datafield tag="260" ind1=" " ind2=" "><marc:subfield code="a">Oxford ;</marc:subfield><marc:subfield code="a">London :</marc:subfield><marc:subfield code="b">J. H. &amp; J. Parker,</marc:subfield><marc:subfield code="c">1862.</marc:subfield></marc:datafield><marc:datafield tag="300" ind1=" " ind2=" "><marc:subfield code="a">14 p. ;</marc:subfield><marc:subfield code="c">8º.</marc:subfield></marc:datafield><marc:datafield tag="700" ind1="1" ind2=" "><marc:subfield code="a">Acland, Henry W.</marc:subfield><marc:subfield code="q">(Henry Wentworth),</marc:subfield><marc:subfield code="d">1815-1900.</marc:subfield></marc:datafield><marc:datafield tag="775" ind1="0" ind2=" "><marc:subfield code="t">[Prints for Cottage Walls. A paper, etc. [By H. W. A., i.e. Sir Henry W. Acland.]]</marc:subfield><marc:subfield code="d">pp. 10. John Morgan: London, [1862?] 8º.</marc:subfield><marc:subfield code="w">(Uk)MP1.0000000602.1</marc:subfield></marc:datafield><marc:datafield tag="852" ind1="4" ind2="1"><marc:subfield code="a">British Library</marc:subfield><marc:subfield code="b">HMNTS</marc:subfield><marc:subfield code="j">D-7856.aa.7.</marc:subfield></marc:datafield><marc:datafield tag="886" ind1="2" ind2=" "><marc:subfield code="2">blmarc</marc:subfield><marc:subfield code="a">709</marc:subfield><marc:subfield code="b">00</marc:subfield><marc:subfield code="a">ACLAND</marc:subfield><marc:subfield code="e">Sir</marc:subfield><marc:subfield code="h">Henry Wentworth</marc:subfield><marc:subfield code="f">Bart.</marc:subfield><marc:subfield code="p">7856.aa.7.</marc:subfield><marc:subfield code="x">0020460341</marc:subfield></marc:datafield></marc:record>