
<marc:record><marc:leader>00657cam a22001693  4500</marc:leader>
<marc:controlfield tag="001">000000630</marc:controlfield>
<marc:controlfield tag="003">Uk</marc:controlfield><marc:controlfield tag="005">20120302164100.0</marc:controlfield><marc:controlfield tag="008">950307|1862|||||||    ||     ||| |||||  </marc:controlfield><marc:datafield tag="040" ind1=" " ind2=" "><marc:subfield code="a">Uk</marc:subfield><marc:subfield code="c">Uk</marc:subfield></marc:datafield><marc:datafield tag="100" ind1="1" ind2=" "><marc:subfield code="a">A., H. W.</marc:subfield></marc:datafield><marc:datafield tag="245" ind1="1" ind2="0"><marc:subfield code="a">[Prints for Cottage Walls. A paper, etc. [By H. W. A., i.e. Sir Henry W. Acland.]]</marc:subfield></marc:datafield><marc:datafield tag="250" ind1=" " ind2=" "><marc:subfield code="a">[Another edition.] Cottage-Wall Prints.</marc:subfield></marc:datafield><marc:datafield tag="260" ind1=" " ind2=" "><marc:subfield code="a">London :</marc:subfield><marc:subfield code="b">John Morgan,</marc:subfield><marc:subfield code="c">[1862?]</marc:subfield></marc:datafield><marc:datafield tag="300" ind1=" " ind2=" "><marc:subfield code="a">10 p. ;</marc:subfield><marc:subfield code="c">8º.</marc:subfield></marc:datafield><marc:datafield tag="787" ind1="0" ind2=" "><marc:subfield code="t">Prints for Cottage Walls. A paper, etc. [By H. W. A., i.e. Sir Henry W. Acland.]</marc:subfield><marc:subfield code="d">pp. 14. J. H. &amp; J. Parker: Oxford &amp; London, 1862. 8º.</marc:subfield><marc:subfield code="w">(Uk)MP1.0000000602</marc:subfield></marc:datafield><marc:datafield tag="852" ind1="4" ind2="1"><marc:subfield code="a">British Library</marc:subfield><marc:subfield code="b">HMNTS</marc:subfield><marc:subfield code="j">11901.aa.25.(1.)</marc:subfield></marc:datafield></marc:record>