
<marc:record><marc:leader>00478cam a22001573  4500</marc:leader>
<marc:controlfield tag="001">000000648</marc:controlfield>
<marc:controlfield tag="003">Uk</marc:controlfield><marc:controlfield tag="005">20120919173400.0</marc:controlfield><marc:controlfield tag="008">960613|1896|||||||    ||     ||| |||||  </marc:controlfield><marc:datafield tag="040" ind1=" " ind2=" "><marc:subfield code="a">Uk</marc:subfield><marc:subfield code="c">Uk</marc:subfield></marc:datafield><marc:datafield tag="100" ind1="1" ind2=" "><marc:subfield code="a">A., I. M.</marc:subfield></marc:datafield><marc:datafield tag="245" ind1="1" ind2="2"><marc:subfield code="a">A Sketch of the Life of John Woolman. By I. M. A.</marc:subfield></marc:datafield><marc:datafield tag="260" ind1=" " ind2=" "><marc:subfield code="a">London :</marc:subfield><marc:subfield code="b">Friends' Tract Association,</marc:subfield><marc:subfield code="c">[1896]</marc:subfield></marc:datafield><marc:datafield tag="300" ind1=" " ind2=" "><marc:subfield code="a">30 p. ;</marc:subfield><marc:subfield code="c">obl. 8º.</marc:subfield></marc:datafield><marc:datafield tag="700" ind1="1" ind2=" "><marc:subfield code="a">WOOLMAN, John,</marc:subfield><marc:subfield code="c">Member of the Society of Friends.</marc:subfield></marc:datafield><marc:datafield tag="852" ind1="4" ind2="1"><marc:subfield code="a">British Library</marc:subfield><marc:subfield code="b">HMNTS</marc:subfield><marc:subfield code="j">4715.a.46.(1.)</marc:subfield></marc:datafield></marc:record>