
<marc:record><marc:leader>00903cam a22002173  4500</marc:leader>
<marc:controlfield tag="001">000000652</marc:controlfield>
<marc:controlfield tag="003">Uk</marc:controlfield><marc:controlfield tag="005">20120120152500.0</marc:controlfield><marc:controlfield tag="008">870813|1863|||||||    ||     ||| |||||  </marc:controlfield><marc:datafield tag="040" ind1=" " ind2=" "><marc:subfield code="a">Uk</marc:subfield><marc:subfield code="c">Uk</marc:subfield></marc:datafield><marc:datafield tag="100" ind1="1" ind2=" "><marc:subfield code="a">A., I. P.</marc:subfield></marc:datafield><marc:datafield tag="245" ind1="1" ind2="0"><marc:subfield code="a">précédée d'une introduction.</marc:subfield></marc:datafield><marc:datafield tag="260" ind1=" " ind2=" "><marc:subfield code="a">Paris,</marc:subfield><marc:subfield code="c">1863.</marc:subfield></marc:datafield><marc:datafield tag="300" ind1=" " ind2=" "><marc:subfield code="a">xii, 176 p. ;</marc:subfield><marc:subfield code="c">12º.</marc:subfield></marc:datafield><marc:datafield tag="500" ind1=" " ind2=" "><marc:subfield code="a">No. 39 of an edition of 100 copies.</marc:subfield></marc:datafield><marc:datafield tag="700" ind1="1" ind2=" "><marc:subfield code="a">PRÉVOST, Jean,</marc:subfield><marc:subfield code="c">Avocat.</marc:subfield></marc:datafield><marc:datafield tag="720" ind1=" " ind2=" "><marc:subfield code="a">COCKAIGNE</marc:subfield></marc:datafield><marc:datafield tag="787" ind1="0" ind2=" "><marc:subfield code="t">Les Fanfares et Courvees Abbadesques des Roule-Bontemps de la haute &amp; basse Coquaigne, &amp; dependances. Par I. P. A. [i.e. Jean Prévost, Alchimiste ?]</marc:subfield><marc:subfield code="d">pp. 168. Chambery, 1613. 8º.</marc:subfield><marc:subfield code="w">(Uk)MP1.0000000623</marc:subfield></marc:datafield><marc:datafield tag="852" ind1="4" ind2="1"><marc:subfield code="a">British Library</marc:subfield><marc:subfield code="b">HMNTS</marc:subfield><marc:subfield code="j">12330.bb.4.</marc:subfield><marc:subfield code="3">Réimpression textuelle,</marc:subfield></marc:datafield><marc:datafield tag="886" ind1="2" ind2=" "><marc:subfield code="2">blmarc</marc:subfield><marc:subfield code="a">709</marc:subfield><marc:subfield code="b">00</marc:subfield><marc:subfield code="a">COCKAIGNE</marc:subfield><marc:subfield code="p">C.57.b.13.</marc:subfield><marc:subfield code="x">0650620100</marc:subfield><marc:subfield code="p">12330.bb.4.</marc:subfield><marc:subfield code="x">0650620100</marc:subfield></marc:datafield><marc:datafield tag="886" ind1="2" ind2=" "><marc:subfield code="2">blmarc</marc:subfield><marc:subfield code="a">709</marc:subfield><marc:subfield code="b">00</marc:subfield><marc:subfield code="a">PRÉVOST</marc:subfield><marc:subfield code="h">Jean</marc:subfield><marc:subfield code="f">Avocat</marc:subfield><marc:subfield code="p">12330.bb.4.</marc:subfield><marc:subfield code="x">2652520008</marc:subfield></marc:datafield></marc:record>