
<marc:record><marc:leader>01021cam a22002173  4500</marc:leader>
<marc:controlfield tag="001">000000659</marc:controlfield>
<marc:controlfield tag="003">Uk</marc:controlfield><marc:controlfield tag="005">20111222151700.0</marc:controlfield><marc:controlfield tag="008">950310|1816|||||||    ||     ||| |||||  </marc:controlfield><marc:datafield tag="040" ind1=" " ind2=" "><marc:subfield code="a">Uk</marc:subfield><marc:subfield code="c">Uk</marc:subfield></marc:datafield><marc:datafield tag="100" ind1="1" ind2=" "><marc:subfield code="a">A., J.</marc:subfield></marc:datafield><marc:datafield tag="245" ind1="1" ind2="5"><marc:subfield code="a">[The Arts of Life ... Described in a series of letters ... By the author of Evenings at Home. The second edition. [The first letter signed: J. A., i.e. John Aikin, M.D.]]</marc:subfield></marc:datafield><marc:datafield tag="250" ind1=" " ind2=" "><marc:subfield code="a">The third edition.</marc:subfield></marc:datafield><marc:datafield tag="260" ind1=" " ind2=" "><marc:subfield code="a">London :</marc:subfield><marc:subfield code="b">Baldwin, Cradock &amp; Joy,</marc:subfield><marc:subfield code="c">1816.</marc:subfield></marc:datafield><marc:datafield tag="300" ind1=" " ind2=" "><marc:subfield code="a">216 p. ;</marc:subfield><marc:subfield code="c">12º.</marc:subfield></marc:datafield><marc:datafield tag="700" ind1="1" ind2=" "><marc:subfield code="a">AIKIN, John,</marc:subfield><marc:subfield code="c">M.D.</marc:subfield></marc:datafield><marc:datafield tag="720" ind1=" " ind2=" "><marc:subfield code="a">ARTS</marc:subfield></marc:datafield><marc:datafield tag="787" ind1="0" ind2=" "><marc:subfield code="t">The Arts of Life ... Described in a series of letters ... By the author of Evenings at Home. The second edition. [The first letter signed: J. A., i.e. John Aikin, M.D.]</marc:subfield><marc:subfield code="d">pp. 20. J. Johnson: London, 1807. 12º.</marc:subfield><marc:subfield code="w">(Uk)MP1.0000000629</marc:subfield></marc:datafield><marc:datafield tag="852" ind1="4" ind2="1"><marc:subfield code="a">British Library</marc:subfield><marc:subfield code="b">HMNTS</marc:subfield><marc:subfield code="j">7943.aa.19.</marc:subfield></marc:datafield><marc:datafield tag="886" ind1="2" ind2=" "><marc:subfield code="2">blmarc</marc:subfield><marc:subfield code="a">709</marc:subfield><marc:subfield code="b">00</marc:subfield><marc:subfield code="a">AIKIN</marc:subfield><marc:subfield code="h">John</marc:subfield><marc:subfield code="f">M.D.</marc:subfield><marc:subfield code="p">Ch.800/104.</marc:subfield><marc:subfield code="p">7943.aa.19.</marc:subfield><marc:subfield code="x">0034990267</marc:subfield></marc:datafield><marc:datafield tag="886" ind1="2" ind2=" "><marc:subfield code="2">blmarc</marc:subfield><marc:subfield code="a">709</marc:subfield><marc:subfield code="b">00</marc:subfield><marc:subfield code="a">ARTS</marc:subfield><marc:subfield code="p">Ch.800/104.</marc:subfield><marc:subfield code="p">7943.aa.19.</marc:subfield><marc:subfield code="x">0122100336</marc:subfield></marc:datafield></marc:record>