
<marc:record><marc:leader>00946cam a22001933  4500</marc:leader>
<marc:controlfield tag="001">000000660</marc:controlfield>
<marc:controlfield tag="003">Uk</marc:controlfield><marc:controlfield tag="005">20130708175200.0</marc:controlfield><marc:controlfield tag="008">950310|1858||||enk    ||     ||| |||||  </marc:controlfield><marc:datafield tag="040" ind1=" " ind2=" "><marc:subfield code="a">Uk</marc:subfield><marc:subfield code="c">Uk</marc:subfield></marc:datafield><marc:datafield tag="100" ind1="1" ind2=" "><marc:subfield code="a">A., J.</marc:subfield></marc:datafield><marc:datafield tag="245" ind1="1" ind2="5"><marc:subfield code="a">[The Arts of Life ... Described in a series of letters ... By the author of Evenings at Home. The second edition. [The first letter signed: J. A., i.e. John Aikin, M.D.]]</marc:subfield></marc:datafield><marc:datafield tag="250" ind1=" " ind2=" "><marc:subfield code="a">A new edition, with additions and alterations by Lucy Aikin.</marc:subfield></marc:datafield><marc:datafield tag="260" ind1=" " ind2=" "><marc:subfield code="a">London :</marc:subfield><marc:subfield code="b">Longman &amp; Co.,</marc:subfield><marc:subfield code="c">1858.</marc:subfield></marc:datafield><marc:datafield tag="300" ind1=" " ind2=" "><marc:subfield code="a">xi, 228 p. ;</marc:subfield><marc:subfield code="c">12º.</marc:subfield></marc:datafield><marc:datafield tag="700" ind1="1" ind2=" "><marc:subfield code="a">Aikin, Lucy,</marc:subfield><marc:subfield code="d">1781-1864.</marc:subfield></marc:datafield><marc:datafield tag="787" ind1="0" ind2=" "><marc:subfield code="t">The Arts of Life ... Described in a series of letters ... By the author of Evenings at Home. The second edition. [The first letter signed: J. A., i.e. John Aikin, M.D.]</marc:subfield><marc:subfield code="d">pp. 20. J. Johnson: London, 1807. 12º.</marc:subfield><marc:subfield code="w">(Uk)MP1.0000000629</marc:subfield></marc:datafield><marc:datafield tag="852" ind1="4" ind2="1"><marc:subfield code="a">British Library</marc:subfield><marc:subfield code="b">HMNTS</marc:subfield><marc:subfield code="j">1210.f.40.</marc:subfield></marc:datafield><marc:datafield tag="886" ind1="2" ind2=" "><marc:subfield code="2">blmarc</marc:subfield><marc:subfield code="a">709</marc:subfield><marc:subfield code="b">00</marc:subfield><marc:subfield code="a">AIKIN</marc:subfield><marc:subfield code="h">Lucy</marc:subfield><marc:subfield code="p">1210.f.40.</marc:subfield><marc:subfield code="x">0035020180</marc:subfield></marc:datafield></marc:record>