
<marc:record><marc:leader>00863cam a22001933  4500</marc:leader>
<marc:controlfield tag="001">000000664</marc:controlfield>
<marc:controlfield tag="003">Uk</marc:controlfield><marc:controlfield tag="005">20120203162600.0</marc:controlfield><marc:controlfield tag="008">950315|1809|||||||    ||     ||| |||||  </marc:controlfield><marc:datafield tag="040" ind1=" " ind2=" "><marc:subfield code="a">Uk</marc:subfield><marc:subfield code="c">Uk</marc:subfield></marc:datafield><marc:datafield tag="100" ind1="1" ind2=" "><marc:subfield code="a">A., J.</marc:subfield></marc:datafield><marc:datafield tag="245" ind1="1" ind2="5"><marc:subfield code="a">[The Christian Pilgrim: or the travels of the Children of Israel spiritualized, etc. [By J. A., i.e. John Allen, edited by A. B.]]</marc:subfield></marc:datafield><marc:datafield tag="250" ind1=" " ind2=" "><marc:subfield code="a">[Another edition.] Revived by T. Cawcutt.</marc:subfield></marc:datafield><marc:datafield tag="260" ind1=" " ind2=" "><marc:subfield code="a">Edinburgh :</marc:subfield><marc:subfield code="b">Mundell &amp; Co.,</marc:subfield><marc:subfield code="c">1809.</marc:subfield></marc:datafield><marc:datafield tag="300" ind1=" " ind2=" "><marc:subfield code="a">viii, 64 p. ;</marc:subfield><marc:subfield code="c">12º.</marc:subfield></marc:datafield><marc:datafield tag="700" ind1="1" ind2=" "><marc:subfield code="a">CAWCUTT, Thomas.</marc:subfield></marc:datafield><marc:datafield tag="787" ind1="0" ind2=" "><marc:subfield code="t">The Christian Pilgrim: or the travels of the Children of Israel spiritualized, etc. [By J. A., i.e. John Allen, edited by A. B.]</marc:subfield><marc:subfield code="d">pp. viii. 60. London, 1766. 8º.</marc:subfield><marc:subfield code="w">(Uk)MP1.0000000631</marc:subfield></marc:datafield><marc:datafield tag="852" ind1="4" ind2="1"><marc:subfield code="a">British Library</marc:subfield><marc:subfield code="b">HMNTS</marc:subfield><marc:subfield code="j">4405.ff.3.</marc:subfield></marc:datafield><marc:datafield tag="886" ind1="2" ind2=" "><marc:subfield code="2">blmarc</marc:subfield><marc:subfield code="a">709</marc:subfield><marc:subfield code="b">00</marc:subfield><marc:subfield code="a">CAWCUTT</marc:subfield><marc:subfield code="h">Thomas</marc:subfield><marc:subfield code="p">4405.ff.3.</marc:subfield><marc:subfield code="x">0564930180</marc:subfield><marc:subfield code="p">4405.d.6.</marc:subfield><marc:subfield code="x">0564930199</marc:subfield></marc:datafield></marc:record>