
<marc:record><marc:leader>00761cam a22001933  4500</marc:leader>
<marc:controlfield tag="001">000000688</marc:controlfield>
<marc:controlfield tag="003">Uk</marc:controlfield><marc:controlfield tag="005">20120511180400.0</marc:controlfield><marc:controlfield tag="008">870813|1870|||||||    ||     ||| |||||  </marc:controlfield><marc:datafield tag="040" ind1=" " ind2=" "><marc:subfield code="a">Uk</marc:subfield><marc:subfield code="c">Uk</marc:subfield></marc:datafield><marc:datafield tag="100" ind1="1" ind2=" "><marc:subfield code="a">A., J.</marc:subfield></marc:datafield><marc:datafield tag="245" ind1="1" ind2="0"><marc:subfield code="a">Mystères de la famille Napoléonienne. Le prince Napoléon et le Palais-Royal par J. A. [i.e. J. Abbot.]</marc:subfield></marc:datafield><marc:datafield tag="260" ind1=" " ind2=" "><marc:subfield code="a">Londres ;</marc:subfield><marc:subfield code="a">Bruxelles :</marc:subfield><marc:subfield code="b">L'auteur,</marc:subfield><marc:subfield code="c">1870.</marc:subfield></marc:datafield><marc:datafield tag="300" ind1=" " ind2=" "><marc:subfield code="a">223 p. ;</marc:subfield><marc:subfield code="c">8º.</marc:subfield></marc:datafield><marc:datafield tag="700" ind1="1" ind2=" "><marc:subfield code="a">ABBOT, J.,</marc:subfield><marc:subfield code="c">pseud?.</marc:subfield></marc:datafield><marc:datafield tag="720" ind1=" " ind2=" "><marc:subfield code="a">Bonaparte, Napoléon-Joseph-Charles-Paul,</marc:subfield><marc:subfield code="c">Prince,</marc:subfield><marc:subfield code="d">1822-1891.</marc:subfield></marc:datafield><marc:datafield tag="852" ind1="4" ind2="1"><marc:subfield code="a">British Library</marc:subfield><marc:subfield code="b">HMNTS</marc:subfield><marc:subfield code="j">010663.de.10.</marc:subfield></marc:datafield><marc:datafield tag="886" ind1="2" ind2=" "><marc:subfield code="2">blmarc</marc:subfield><marc:subfield code="a">709</marc:subfield><marc:subfield code="b">00</marc:subfield><marc:subfield code="a">ABBOT</marc:subfield><marc:subfield code="h">J.</marc:subfield><marc:subfield code="f">pseud?</marc:subfield><marc:subfield code="p">010663.de.10.</marc:subfield><marc:subfield code="x">0011680040</marc:subfield></marc:datafield><marc:datafield tag="886" ind1="2" ind2=" "><marc:subfield code="2">blmarc</marc:subfield><marc:subfield code="a">709</marc:subfield><marc:subfield code="b">00</marc:subfield><marc:subfield code="a">NAPOLEON JOSEPH CHARLES PAUL [Bonaparte], Prince</marc:subfield><marc:subfield code="p">010663.de.10.</marc:subfield><marc:subfield code="x">2321830204</marc:subfield></marc:datafield></marc:record>