
<marc:record><marc:leader>00694cam a22001693  4500</marc:leader>
<marc:controlfield tag="001">000000692</marc:controlfield>
<marc:controlfield tag="003">Uk</marc:controlfield><marc:controlfield tag="005">20110119131900.0</marc:controlfield><marc:controlfield tag="008">870813|1815|||||||    ||     ||| |||||  </marc:controlfield><marc:datafield tag="040" ind1=" " ind2=" "><marc:subfield code="a">Uk</marc:subfield><marc:subfield code="c">Uk</marc:subfield></marc:datafield><marc:datafield tag="100" ind1="1" ind2=" "><marc:subfield code="a">A., J.</marc:subfield></marc:datafield><marc:datafield tag="245" ind1="1" ind2="5"><marc:subfield code="a">[The Pleader's Guide. A didactic poem ... By the late J. S. Esq. ... The fifth edition. [Edited, or rather written, by J. A., i.e. John Anstey.]]</marc:subfield></marc:datafield><marc:datafield tag="250" ind1=" " ind2=" "><marc:subfield code="a">The seventh edition.</marc:subfield></marc:datafield><marc:datafield tag="260" ind1=" " ind2=" "><marc:subfield code="c">1815.</marc:subfield></marc:datafield><marc:datafield tag="300" ind1=" " ind2=" "><marc:subfield code="a">xvi. 212 p. ;</marc:subfield><marc:subfield code="c">8º.</marc:subfield></marc:datafield><marc:datafield tag="787" ind1="0" ind2=" "><marc:subfield code="t">The Pleader's Guide. A didactic poem ... By the late J. S. Esq. ... The fifth edition. [Edited, or rather written, by J. A., i.e. John Anstey.]</marc:subfield><marc:subfield code="d">pp. xvi. 212.</marc:subfield><marc:subfield code="w">(Uk)MP1.0000000656</marc:subfield></marc:datafield><marc:datafield tag="852" ind1="4" ind2="1"><marc:subfield code="a">British Library</marc:subfield><marc:subfield code="b">HMNTS</marc:subfield><marc:subfield code="j">1465.g.18.</marc:subfield></marc:datafield></marc:record>