
<marc:record><marc:leader>00592cam a22001813  4500</marc:leader>
<marc:controlfield tag="001">000000703</marc:controlfield>
<marc:controlfield tag="003">Uk</marc:controlfield><marc:controlfield tag="005">20130201181711.0</marc:controlfield><marc:controlfield tag="008">870813|1859|||||||    ||     ||| ||eng  </marc:controlfield><marc:datafield tag="040" ind1=" " ind2=" "><marc:subfield code="a">Uk</marc:subfield><marc:subfield code="c">Uk</marc:subfield></marc:datafield><marc:datafield tag="100" ind1="0" ind2=" "><marc:subfield code="a">J. A.</marc:subfield><marc:subfield code="q">(John Abell),</marc:subfield><marc:subfield code="d">1791-1861.</marc:subfield></marc:datafield><marc:datafield tag="245" ind1="1" ind2="4"><marc:subfield code="a">The Turkish Bath, an antidote for the cravings of the drunkard. [Signed: J. A.]</marc:subfield></marc:datafield><marc:datafield tag="260" ind1=" " ind2=" "><marc:subfield code="a">Dublin :</marc:subfield><marc:subfield code="b">R. D. Webb,</marc:subfield><marc:subfield code="c">[1859]</marc:subfield></marc:datafield><marc:datafield tag="300" ind1=" " ind2=" "><marc:subfield code="a">4 p. ;</marc:subfield><marc:subfield code="c">8º.</marc:subfield></marc:datafield><marc:datafield tag="650" ind1=" " ind2="0"><marc:subfield code="a">Baths, Turkish</marc:subfield><marc:subfield code="x">Therapeutic use.</marc:subfield></marc:datafield><marc:datafield tag="650" ind1=" " ind2="0"><marc:subfield code="a">Temperance.</marc:subfield></marc:datafield><marc:datafield tag="852" ind1="4" ind2="1"><marc:subfield code="a">British Library</marc:subfield><marc:subfield code="b">HMNTS</marc:subfield><marc:subfield code="j">8436.h.4.(1.)</marc:subfield></marc:datafield><marc:datafield tag="886" ind1="2" ind2=" "><marc:subfield code="2">blmarc</marc:subfield><marc:subfield code="a">709</marc:subfield><marc:subfield code="b">00</marc:subfield><marc:subfield code="a">TURKISH BATH</marc:subfield><marc:subfield code="p">8436.h.4.(1.)</marc:subfield><marc:subfield code="x">3310520242</marc:subfield></marc:datafield></marc:record>