
<marc:record><marc:leader>00991cam a22002173  4500</marc:leader>
<marc:controlfield tag="001">000000709</marc:controlfield>
<marc:controlfield tag="003">Uk</marc:controlfield><marc:controlfield tag="005">20070821112750.0</marc:controlfield><marc:controlfield tag="008">870813|1862|||||||    ||     ||| |||||  </marc:controlfield><marc:datafield tag="040" ind1=" " ind2=" "><marc:subfield code="a">Uk</marc:subfield><marc:subfield code="c">Uk</marc:subfield></marc:datafield><marc:datafield tag="100" ind1="0" ind2=" "><marc:subfield code="a">J. A.,</marc:subfield><marc:subfield code="c">ancien agent secret du comte de Cavour</marc:subfield></marc:datafield><marc:datafield tag="245" ind1="1" ind2="0"><marc:subfield code="a">Traduzione e confutazione dell'opuscolo intitolato La Vérité sur les hommes et les choses du royaume d'Italie. Révélations par J. A. [Edited by J. F. Griscelli, Baron de Rimini.] Per il prof. Domenico Sacchi.</marc:subfield></marc:datafield><marc:datafield tag="260" ind1=" " ind2=" "><marc:subfield code="a">Torino,</marc:subfield><marc:subfield code="c">1862.</marc:subfield></marc:datafield><marc:datafield tag="300" ind1=" " ind2=" "><marc:subfield code="a">36 p. ;</marc:subfield><marc:subfield code="c">4º.</marc:subfield></marc:datafield><marc:datafield tag="700" ind1="1" ind2=" "><marc:subfield code="a">GRISCELLI, Jacques François,</marc:subfield><marc:subfield code="c">Baron da Rimini.</marc:subfield></marc:datafield><marc:datafield tag="700" ind1="1" ind2=" "><marc:subfield code="a">SACCHI, Domenico.</marc:subfield></marc:datafield><marc:datafield tag="710" ind1="1" ind2=" "><marc:subfield code="a">Italy.</marc:subfield><marc:subfield code="t">Appendix. Politics</marc:subfield></marc:datafield><marc:datafield tag="852" ind1="4" ind2="1"><marc:subfield code="a">British Library</marc:subfield><marc:subfield code="b">HMNTS</marc:subfield><marc:subfield code="j">8033.i.3.(1.)</marc:subfield></marc:datafield><marc:datafield tag="886" ind1="2" ind2=" "><marc:subfield code="2">blmarc</marc:subfield><marc:subfield code="a">709</marc:subfield><marc:subfield code="b">00</marc:subfield><marc:subfield code="a">GRISCELLI</marc:subfield><marc:subfield code="h">Jacques François</marc:subfield><marc:subfield code="f">Baron da Rimini</marc:subfield><marc:subfield code="p">8033.i.3.(1.)</marc:subfield><marc:subfield code="x">1331790158</marc:subfield></marc:datafield><marc:datafield tag="886" ind1="2" ind2=" "><marc:subfield code="2">blmarc</marc:subfield><marc:subfield code="a">709</marc:subfield><marc:subfield code="b">00</marc:subfield><marc:subfield code="a">ITALY</marc:subfield><marc:subfield code="t">Appendix</marc:subfield><marc:subfield code="t">Politics</marc:subfield><marc:subfield code="p">8033.i.3.(1.)</marc:subfield><marc:subfield code="x">1613070217</marc:subfield></marc:datafield><marc:datafield tag="886" ind1="2" ind2=" "><marc:subfield code="2">blmarc</marc:subfield><marc:subfield code="a">709</marc:subfield><marc:subfield code="b">00</marc:subfield><marc:subfield code="a">SACCHI</marc:subfield><marc:subfield code="h">Domenico</marc:subfield><marc:subfield code="p">8033.i.3.(1.)</marc:subfield><marc:subfield code="x">2870130252</marc:subfield></marc:datafield></marc:record>