
<marc:record><marc:leader>00849cam a22002173  4500</marc:leader>
<marc:controlfield tag="001">000000715</marc:controlfield>
<marc:controlfield tag="003">Uk</marc:controlfield><marc:controlfield tag="005">20130522192200.0</marc:controlfield><marc:controlfield tag="008">870813|1879||||enk    ||     ||| ||eng  </marc:controlfield><marc:datafield tag="040" ind1=" " ind2=" "><marc:subfield code="a">Uk</marc:subfield><marc:subfield code="c">Uk</marc:subfield></marc:datafield><marc:datafield tag="100" ind1="1" ind2=" "><marc:subfield code="a">A., J.,</marc:subfield><marc:subfield code="c">LL.D.</marc:subfield></marc:datafield><marc:datafield tag="245" ind1="1" ind2="4"><marc:subfield code="a">The Institution of Marriage in the United Kingdom: being law, facts, suggestions, and remarkable divorce cases. By Philanthropus-J. A., LL.D.</marc:subfield></marc:datafield><marc:datafield tag="260" ind1=" " ind2=" "><marc:subfield code="a">London :</marc:subfield><marc:subfield code="b">Effingham Wilson,</marc:subfield><marc:subfield code="c">1879.</marc:subfield></marc:datafield><marc:datafield tag="300" ind1=" " ind2=" "><marc:subfield code="a">vii, 446 p. ;</marc:subfield><marc:subfield code="c">8º.</marc:subfield></marc:datafield><marc:datafield tag="710" ind1="1" ind2=" "><marc:subfield code="a">England.</marc:subfield><marc:subfield code="t">Appendix. Miscellaneous</marc:subfield></marc:datafield><marc:datafield tag="720" ind1=" " ind2=" "><marc:subfield code="a">INSTITUTION</marc:subfield></marc:datafield><marc:datafield tag="720" ind1=" " ind2=" "><marc:subfield code="a">PHILANTHROPUS, pseud.</marc:subfield></marc:datafield><marc:datafield tag="852" ind1="4" ind2="1"><marc:subfield code="a">British Library</marc:subfield><marc:subfield code="b">HMNTS</marc:subfield><marc:subfield code="j">5176.bb.4.</marc:subfield></marc:datafield><marc:datafield tag="886" ind1="2" ind2=" "><marc:subfield code="2">blmarc</marc:subfield><marc:subfield code="a">709</marc:subfield><marc:subfield code="b">00</marc:subfield><marc:subfield code="a">ENGLAND</marc:subfield><marc:subfield code="t">Appendix</marc:subfield><marc:subfield code="t">Miscellaneous</marc:subfield><marc:subfield code="p">5176.bb.4.</marc:subfield><marc:subfield code="x">1004800096</marc:subfield></marc:datafield><marc:datafield tag="886" ind1="2" ind2=" "><marc:subfield code="2">blmarc</marc:subfield><marc:subfield code="a">709</marc:subfield><marc:subfield code="b">00</marc:subfield><marc:subfield code="a">INSTITUTION</marc:subfield><marc:subfield code="p">5176.bb.4.</marc:subfield><marc:subfield code="x">1591040116</marc:subfield></marc:datafield><marc:datafield tag="886" ind1="2" ind2=" "><marc:subfield code="2">blmarc</marc:subfield><marc:subfield code="a">709</marc:subfield><marc:subfield code="b">00</marc:subfield><marc:subfield code="a">PHILANTHROPUS, pseud.</marc:subfield><marc:subfield code="p">5176.bb.4.</marc:subfield><marc:subfield code="x">2572040050</marc:subfield></marc:datafield></marc:record>