
<marc:record><marc:leader>01544cam a22002173  4500</marc:leader>
<marc:controlfield tag="001">000000724</marc:controlfield>
<marc:controlfield tag="003">Uk</marc:controlfield><marc:controlfield tag="005">20110119131900.0</marc:controlfield><marc:controlfield tag="008">870813|1808|||||||    ||     ||| |||||  </marc:controlfield><marc:datafield tag="040" ind1=" " ind2=" "><marc:subfield code="a">Uk</marc:subfield><marc:subfield code="c">Uk</marc:subfield></marc:datafield><marc:datafield tag="100" ind1="1" ind2=" "><marc:subfield code="a">A., J. de.</marc:subfield></marc:datafield><marc:datafield tag="245" ind1="1" ind2="0"><marc:subfield code="a">Manifiesto imparcial y exâcto de lo mas importante ocurrido en Aranjuez, Madrid y Bayona desde 17 de Marzo hasta 15 de Mayo de 1808. Sobre la caida del Principe de la Paz y sobre el fin de la alianza de los franceses con los españoles, etc. [Signed: J. de A.]</marc:subfield></marc:datafield><marc:datafield tag="260" ind1=" " ind2=" "><marc:subfield code="a">Madrid,</marc:subfield><marc:subfield code="c">1808.</marc:subfield></marc:datafield><marc:datafield tag="300" ind1=" " ind2=" "><marc:subfield code="a">43 p. ;</marc:subfield><marc:subfield code="c">4º.</marc:subfield></marc:datafield><marc:datafield tag="720" ind1=" " ind2=" "><marc:subfield code="a">ARANJUEZ</marc:subfield></marc:datafield><marc:datafield tag="775" ind1="0" ind2=" "><marc:subfield code="t">[Manifiesto imparcial y exâcto de lo mas importante ocurrido en Aranjuez, Madrid y Bayona desde 17 de Marzo hasta 15 de Mayo de 1808. Sobre la caida del Principe de la Paz y sobre el fin de la alianza de los franceses con los españoles, etc. [Signed: J. de A.]]</marc:subfield><marc:subfield code="d">pp. 36. Mallorca, 1808. 4º.</marc:subfield><marc:subfield code="w">(Uk)MP1.0000000687.3</marc:subfield></marc:datafield><marc:datafield tag="775" ind1="0" ind2=" "><marc:subfield code="t">[Manifiesto imparcial y exâcto de lo mas importante ocurrido en Aranjuez, Madrid y Bayona desde 17 de Marzo hasta 15 de Mayo de 1808. Sobre la caida del Principe de la Paz y sobre el fin de la alianza de los franceses con los españoles, etc. [Signed: J. de A.]]</marc:subfield><marc:subfield code="d">pp. 44. México, 1809. 4º.</marc:subfield><marc:subfield code="w">(Uk)MP1.0000000687.4</marc:subfield></marc:datafield><marc:datafield tag="852" ind1="4" ind2="1"><marc:subfield code="a">British Library</marc:subfield><marc:subfield code="b">HMNTS</marc:subfield><marc:subfield code="j">9180.c.2.(3.)</marc:subfield></marc:datafield><marc:datafield tag="852" ind1="4" ind2="1"><marc:subfield code="a">British Library</marc:subfield><marc:subfield code="b">HMNTS</marc:subfield><marc:subfield code="j">8042.c.14.</marc:subfield><marc:subfield code="3">[Another copy.]</marc:subfield></marc:datafield><marc:datafield tag="852" ind1="4" ind2="1"><marc:subfield code="a">British Library</marc:subfield><marc:subfield code="b">HMNTS</marc:subfield><marc:subfield code="j">T.1545.(10.)</marc:subfield><marc:subfield code="3">[Another copy.]</marc:subfield></marc:datafield><marc:datafield tag="886" ind1="2" ind2=" "><marc:subfield code="2">blmarc</marc:subfield><marc:subfield code="a">709</marc:subfield><marc:subfield code="b">00</marc:subfield><marc:subfield code="a">ARANJUEZ</marc:subfield><marc:subfield code="p">636.g.16.(2.)</marc:subfield><marc:subfield code="x">0101490135</marc:subfield><marc:subfield code="p">9180.c.2.(3.)</marc:subfield><marc:subfield code="x">0101490135</marc:subfield><marc:subfield code="p">9180.d.1.(6.)</marc:subfield><marc:subfield code="x">0101490135</marc:subfield></marc:datafield></marc:record>