
<marc:record><marc:leader>01272cam a22002173  4500</marc:leader>
<marc:controlfield tag="001">000000733</marc:controlfield>
<marc:controlfield tag="003">Uk</marc:controlfield><marc:controlfield tag="005">20120203162600.0</marc:controlfield><marc:controlfield tag="008">870813|1860|||||||    ||     ||| |||||  </marc:controlfield><marc:datafield tag="040" ind1=" " ind2=" "><marc:subfield code="a">Uk</marc:subfield><marc:subfield code="c">Uk</marc:subfield></marc:datafield><marc:datafield tag="100" ind1="1" ind2=" "><marc:subfield code="a">A., J. B. A.,</marc:subfield><marc:subfield code="c">Abbé, and BLANCHET (François Norbert) successively Bishop of Draza and of Oregon, and Archbishop of Oregon.</marc:subfield></marc:datafield><marc:datafield tag="245" ind1="1" ind2="0"><marc:subfield code="a">[L'Échelle catholique.] The Catholic Church: an epitome of sacred history. (By M. l'abbé J. B. A. A. [i.e. J. B. A. Anger] and the Bishop of Oregon.) [Translated] By Mrs Morell. Third edition.</marc:subfield></marc:datafield><marc:datafield tag="260" ind1=" " ind2=" "><marc:subfield code="a">Edinburgh :</marc:subfield><marc:subfield code="b">W. P. Nimmo,</marc:subfield><marc:subfield code="c">1860.</marc:subfield></marc:datafield><marc:datafield tag="300" ind1=" " ind2=" "><marc:subfield code="a">x, 107 p. ;</marc:subfield><marc:subfield code="c">8º.</marc:subfield></marc:datafield><marc:datafield tag="700" ind1="1" ind2=" "><marc:subfield code="a">AUGER, J. B. Armand,</marc:subfield><marc:subfield code="c">and BLANCHET (François Norbert) successively Bishop of Drasa and of Oregon and Archbishop of Oregon.</marc:subfield></marc:datafield><marc:datafield tag="700" ind1="1" ind2=" "><marc:subfield code="a">BLANCHET, François Norbert,</marc:subfield><marc:subfield code="c">Archbishop of Oregon City.</marc:subfield></marc:datafield><marc:datafield tag="700" ind1="1" ind2=" "><marc:subfield code="a">MORELL, Catharine.</marc:subfield></marc:datafield><marc:datafield tag="852" ind1="4" ind2="1"><marc:subfield code="a">British Library</marc:subfield><marc:subfield code="b">HMNTS</marc:subfield><marc:subfield code="j">4530.b.4.</marc:subfield></marc:datafield><marc:datafield tag="886" ind1="2" ind2=" "><marc:subfield code="2">blmarc</marc:subfield><marc:subfield code="a">709</marc:subfield><marc:subfield code="b">00</marc:subfield><marc:subfield code="a">AUGER</marc:subfield><marc:subfield code="h">J. B. Armand</marc:subfield><marc:subfield code="f">and BLANCHET (François Norbert) successively Bishop of Drasa and of Oregon and Archbishop of Oregon</marc:subfield><marc:subfield code="p">4530.b.4.</marc:subfield><marc:subfield code="x">0134530276</marc:subfield></marc:datafield><marc:datafield tag="886" ind1="2" ind2=" "><marc:subfield code="2">blmarc</marc:subfield><marc:subfield code="a">709</marc:subfield><marc:subfield code="b">00</marc:subfield><marc:subfield code="a">BLANCHET</marc:subfield><marc:subfield code="h">François Norbert</marc:subfield><marc:subfield code="f">Archbishop of Oregon City</marc:subfield><marc:subfield code="p">4530.b.4.</marc:subfield><marc:subfield code="x">0341590339</marc:subfield></marc:datafield><marc:datafield tag="886" ind1="2" ind2=" "><marc:subfield code="2">blmarc</marc:subfield><marc:subfield code="a">709</marc:subfield><marc:subfield code="b">00</marc:subfield><marc:subfield code="a">MORELL</marc:subfield><marc:subfield code="h">Catharine</marc:subfield><marc:subfield code="p">4530.b.4.</marc:subfield><marc:subfield code="x">2263310096</marc:subfield></marc:datafield></marc:record>