
<marc:record><marc:leader>00571cam a22001693  4500</marc:leader>
<marc:controlfield tag="001">000000756</marc:controlfield>
<marc:controlfield tag="003">Uk</marc:controlfield><marc:controlfield tag="005">20121013202800.0</marc:controlfield><marc:controlfield tag="008">870813|1823|||||||    ||    o||| |||||  </marc:controlfield><marc:datafield tag="040" ind1=" " ind2=" "><marc:subfield code="a">Uk</marc:subfield><marc:subfield code="c">Uk</marc:subfield></marc:datafield><marc:datafield tag="100" ind1="1" ind2=" "><marc:subfield code="a">A., J. F.</marc:subfield></marc:datafield><marc:datafield tag="245" ind1="1" ind2="0"><marc:subfield code="a">Epitafio contra el Soberano Congreso. [In verse. Signed: J. F. A.] Glosado por un Liberal.</marc:subfield></marc:datafield><marc:datafield tag="260" ind1=" " ind2=" "><marc:subfield code="a">México,</marc:subfield><marc:subfield code="c">1823.</marc:subfield></marc:datafield><marc:datafield tag="300" ind1=" " ind2=" "><marc:subfield code="a">s. sh. fol.</marc:subfield></marc:datafield><marc:datafield tag="710" ind1="1" ind2=" "><marc:subfield code="a">Mexico.</marc:subfield><marc:subfield code="b">Congreso.</marc:subfield><marc:subfield code="t">Appendix.</marc:subfield></marc:datafield><marc:datafield tag="852" ind1="4" ind2="1"><marc:subfield code="a">British Library</marc:subfield><marc:subfield code="b">HMNTS</marc:subfield><marc:subfield code="j">9770.k.7.(67.)</marc:subfield></marc:datafield><marc:datafield tag="886" ind1="2" ind2=" "><marc:subfield code="2">blmarc</marc:subfield><marc:subfield code="a">709</marc:subfield><marc:subfield code="b">00</marc:subfield><marc:subfield code="a">MEXICO</marc:subfield><marc:subfield code="d">Legislative Bodies</marc:subfield><marc:subfield code="d">Congreso</marc:subfield><marc:subfield code="t">Appendix</marc:subfield><marc:subfield code="p">9770.k.7.(67.)</marc:subfield><marc:subfield code="x">2200200129</marc:subfield></marc:datafield></marc:record>