
<marc:record><marc:leader>00631cam a22001693  4500</marc:leader>
<marc:controlfield tag="001">000000759</marc:controlfield>
<marc:controlfield tag="003">Uk</marc:controlfield><marc:controlfield tag="005">20120420175200.0</marc:controlfield><marc:controlfield tag="008">870813|1842|||||||    ||     ||| |||||  </marc:controlfield><marc:datafield tag="040" ind1=" " ind2=" "><marc:subfield code="a">Uk</marc:subfield><marc:subfield code="c">Uk</marc:subfield></marc:datafield><marc:datafield tag="100" ind1="1" ind2=" "><marc:subfield code="a">A., J. I.</marc:subfield></marc:datafield><marc:datafield tag="245" ind1="1" ind2="0"><marc:subfield code="a">Carta de un Leonés á uno de los suscritores á la reimpresion de las Cartas Provinciales de Pascal. [Signed: J. I. A.]</marc:subfield></marc:datafield><marc:datafield tag="260" ind1=" " ind2=" "><marc:subfield code="a">México,</marc:subfield><marc:subfield code="c">1842.</marc:subfield></marc:datafield><marc:datafield tag="300" ind1=" " ind2=" "><marc:subfield code="a">19 p. ;</marc:subfield><marc:subfield code="c">8º.</marc:subfield></marc:datafield><marc:datafield tag="700" ind1="1" ind2=" "><marc:subfield code="a">Pascal, Blaise,</marc:subfield><marc:subfield code="d">1623-1662.</marc:subfield><marc:subfield code="t">Les Provinciales. Appendix.</marc:subfield></marc:datafield><marc:datafield tag="852" ind1="4" ind2="1"><marc:subfield code="a">British Library</marc:subfield><marc:subfield code="b">HMNTS</marc:subfield><marc:subfield code="j">4183.aaa.2.(1.)</marc:subfield></marc:datafield><marc:datafield tag="886" ind1="2" ind2=" "><marc:subfield code="2">blmarc</marc:subfield><marc:subfield code="a">709</marc:subfield><marc:subfield code="b">00</marc:subfield><marc:subfield code="a">PASCAL</marc:subfield><marc:subfield code="h">Blaise</marc:subfield><marc:subfield code="t">Les Provinciales</marc:subfield><marc:subfield code="t">Appendix</marc:subfield><marc:subfield code="p">4183.aaa.2.(1.)</marc:subfield><marc:subfield code="x">2483000223</marc:subfield></marc:datafield></marc:record>