
<marc:record><marc:leader>01150cam a22002173  4500</marc:leader>
<marc:controlfield tag="001">000000762</marc:controlfield>
<marc:controlfield tag="003">Uk</marc:controlfield><marc:controlfield tag="005">20120203162600.0</marc:controlfield><marc:controlfield tag="008">870813|1847|||||||    ||     ||| |||||  </marc:controlfield><marc:datafield tag="040" ind1=" " ind2=" "><marc:subfield code="a">Uk</marc:subfield><marc:subfield code="c">Uk</marc:subfield></marc:datafield><marc:datafield tag="100" ind1="1" ind2=" "><marc:subfield code="a">A., J. L.</marc:subfield></marc:datafield><marc:datafield tag="245" ind1="1" ind2="5"><marc:subfield code="a">[The River Dove; with some quiet thoughts of the happy practice of angling, near to the seat of Mr. Charles Cotton, at Beresford Hall, Staffordshire. [The address to the reader signed: J. L. A., i.e. John L. Anderdon.]]</marc:subfield></marc:datafield><marc:datafield tag="250" ind1=" " ind2=" "><marc:subfield code="a">[Another edition.]</marc:subfield></marc:datafield><marc:datafield tag="260" ind1=" " ind2=" "><marc:subfield code="a">London :</marc:subfield><marc:subfield code="b">William Pickering,</marc:subfield><marc:subfield code="c">1847.</marc:subfield></marc:datafield><marc:datafield tag="300" ind1=" " ind2=" "><marc:subfield code="a">iv, 296 p. ;</marc:subfield><marc:subfield code="c">8º.</marc:subfield></marc:datafield><marc:datafield tag="700" ind1="1" ind2=" "><marc:subfield code="a">ANDERDON, John Lavicount.</marc:subfield></marc:datafield><marc:datafield tag="720" ind1=" " ind2=" "><marc:subfield code="a">DOVE, River</marc:subfield></marc:datafield><marc:datafield tag="787" ind1="0" ind2=" "><marc:subfield code="t">The River Dove; with some quiet thoughts of the happy practice of angling, near to the seat of Mr. Charles Cotton, at Beresford Hall, Staffordshire. [The address to the reader signed: J. L. A., i.e. John L. Anderdon.]</marc:subfield><marc:subfield code="d">pp. 241. London, 1845. 8º.</marc:subfield><marc:subfield code="w">(Uk)MP1.0000000724</marc:subfield></marc:datafield><marc:datafield tag="852" ind1="4" ind2="1"><marc:subfield code="a">British Library</marc:subfield><marc:subfield code="b">HMNTS</marc:subfield><marc:subfield code="j">785.c.24.</marc:subfield></marc:datafield><marc:datafield tag="886" ind1="2" ind2=" "><marc:subfield code="2">blmarc</marc:subfield><marc:subfield code="a">709</marc:subfield><marc:subfield code="b">00</marc:subfield><marc:subfield code="a">ANDERDON</marc:subfield><marc:subfield code="h">John Lavicount</marc:subfield><marc:subfield code="p">556.f.12.</marc:subfield><marc:subfield code="x">0074310054</marc:subfield><marc:subfield code="p">785.c.24.</marc:subfield><marc:subfield code="x">0074310054</marc:subfield></marc:datafield><marc:datafield tag="886" ind1="2" ind2=" "><marc:subfield code="2">blmarc</marc:subfield><marc:subfield code="a">709</marc:subfield><marc:subfield code="b">00</marc:subfield><marc:subfield code="a">DOVE, River</marc:subfield><marc:subfield code="p">556.f.12.</marc:subfield><marc:subfield code="x">0863270115</marc:subfield><marc:subfield code="p">785.c.24.</marc:subfield><marc:subfield code="x">0863270115</marc:subfield></marc:datafield></marc:record>