
<marc:record><marc:leader>01102cam a22001933  4500</marc:leader>
<marc:controlfield tag="001">000000764</marc:controlfield>
<marc:controlfield tag="003">Uk</marc:controlfield><marc:controlfield tag="005">20110119132300.0</marc:controlfield><marc:controlfield tag="008">870813|1821|||||||    ||     ||| |||||  </marc:controlfield><marc:datafield tag="040" ind1=" " ind2=" "><marc:subfield code="a">Uk</marc:subfield><marc:subfield code="c">Uk</marc:subfield></marc:datafield><marc:datafield tag="100" ind1="1" ind2=" "><marc:subfield code="a">A., J. M.</marc:subfield></marc:datafield><marc:datafield tag="245" ind1="1" ind2="0"><marc:subfield code="a">Contra los enemigos del Regimiento de Ordenes militares. [Signed: J. M. A. Occasioned by the pamphlet entitled: “Satisfacción que da á este ilustre pueblo, la oficialidad del Regimiento de Ordenes militares” and signed: J. A. A., i.e. F. Barrera?]</marc:subfield></marc:datafield><marc:datafield tag="260" ind1=" " ind2=" "><marc:subfield code="a">México,</marc:subfield><marc:subfield code="c">1821.</marc:subfield></marc:datafield><marc:datafield tag="300" ind1=" " ind2=" "><marc:subfield code="a">4 p. ;</marc:subfield><marc:subfield code="c">4º.</marc:subfield></marc:datafield><marc:datafield tag="700" ind1="0" ind2=" "><marc:subfield code="a">J. A. A.</marc:subfield></marc:datafield><marc:datafield tag="700" ind1="1" ind2=" "><marc:subfield code="a">BARRERA, Francisco,</marc:subfield><marc:subfield code="c">Licenciado.</marc:subfield><marc:subfield code="t">Satisfacción que da á este ilustre pueblo la oficialidad del Regimiento de Ordenes militares, etc. [Signed: J. A. A., i.e. F. Barrera?]</marc:subfield></marc:datafield><marc:datafield tag="852" ind1="4" ind2="1"><marc:subfield code="a">British Library</marc:subfield><marc:subfield code="b">HMNTS</marc:subfield><marc:subfield code="j">9770.bb.9.(6.)</marc:subfield></marc:datafield><marc:datafield tag="886" ind1="2" ind2=" "><marc:subfield code="2">blmarc</marc:subfield><marc:subfield code="a">709</marc:subfield><marc:subfield code="b">00</marc:subfield><marc:subfield code="a">A.</marc:subfield><marc:subfield code="h">J. A.</marc:subfield><marc:subfield code="p">9770.bb.9.(6.)</marc:subfield><marc:subfield code="x">0010340130</marc:subfield></marc:datafield><marc:datafield tag="886" ind1="2" ind2=" "><marc:subfield code="2">blmarc</marc:subfield><marc:subfield code="a">709</marc:subfield><marc:subfield code="b">00</marc:subfield><marc:subfield code="a">BARRERA</marc:subfield><marc:subfield code="h">Francisco</marc:subfield><marc:subfield code="f">Licenciado</marc:subfield><marc:subfield code="t">Satisfacción que da á este ilustre pueblo la oficialidad del Regimiento de Ordenes militares, etc. [Signed: J. A. A., i.e. F. Barrera?]</marc:subfield><marc:subfield code="p">9770.bb.9.(6.)</marc:subfield><marc:subfield code="x">0194200299</marc:subfield></marc:datafield></marc:record>