
<marc:record><marc:leader>00924cam a22002173  4500</marc:leader>
<marc:controlfield tag="001">000000776</marc:controlfield>
<marc:controlfield tag="003">Uk</marc:controlfield><marc:controlfield tag="005">20120302164100.0</marc:controlfield><marc:controlfield tag="008">870813|1865|||||||    ||     ||| |||||  </marc:controlfield><marc:datafield tag="040" ind1=" " ind2=" "><marc:subfield code="a">Uk</marc:subfield><marc:subfield code="c">Uk</marc:subfield></marc:datafield><marc:datafield tag="100" ind1="1" ind2=" "><marc:subfield code="a">A., J. R.,</marc:subfield><marc:subfield code="c">and J. (M. C.)</marc:subfield></marc:datafield><marc:datafield tag="245" ind1="1" ind2="0"><marc:subfield code="a">Evans. [Genealogical notices of the family of Evans, of Montgomeryshire. By J. R. A. and M. C. J., i.e. John Reed Appleton and Morris Charles Jones.] Few ms. notes.</marc:subfield></marc:datafield><marc:datafield tag="260" ind1=" " ind2=" "><marc:subfield code="a">Newcastle-upon-Tyne :</marc:subfield><marc:subfield code="b">Privately printed,</marc:subfield><marc:subfield code="c">[1865]</marc:subfield></marc:datafield><marc:datafield tag="300" ind1=" " ind2=" "><marc:subfield code="a">24 p. ;</marc:subfield><marc:subfield code="c">4º.</marc:subfield></marc:datafield><marc:datafield tag="700" ind1="1" ind2=" "><marc:subfield code="a">APPLETON, John Reed,</marc:subfield><marc:subfield code="c">and JONES (Morris Charles)</marc:subfield></marc:datafield><marc:datafield tag="700" ind1="1" ind2=" "><marc:subfield code="a">J., M. C.</marc:subfield></marc:datafield><marc:datafield tag="700" ind1="1" ind2=" "><marc:subfield code="a">JONES, Morris Charles.</marc:subfield></marc:datafield><marc:datafield tag="852" ind1="4" ind2="1"><marc:subfield code="a">British Library</marc:subfield><marc:subfield code="b">HMNTS</marc:subfield><marc:subfield code="j">9917.gg.13.</marc:subfield></marc:datafield><marc:datafield tag="886" ind1="2" ind2=" "><marc:subfield code="2">blmarc</marc:subfield><marc:subfield code="a">709</marc:subfield><marc:subfield code="b">00</marc:subfield><marc:subfield code="a">APPLETON</marc:subfield><marc:subfield code="h">John Reed</marc:subfield><marc:subfield code="f">and JONES (Morris Charles)</marc:subfield><marc:subfield code="p">9917.gg.13.</marc:subfield><marc:subfield code="x">0100350062</marc:subfield></marc:datafield><marc:datafield tag="886" ind1="2" ind2=" "><marc:subfield code="2">blmarc</marc:subfield><marc:subfield code="a">709</marc:subfield><marc:subfield code="b">00</marc:subfield><marc:subfield code="a">J.</marc:subfield><marc:subfield code="h">M. C.</marc:subfield><marc:subfield code="p">9917.gg.13.</marc:subfield><marc:subfield code="x">1620090279</marc:subfield></marc:datafield><marc:datafield tag="886" ind1="2" ind2=" "><marc:subfield code="2">blmarc</marc:subfield><marc:subfield code="a">709</marc:subfield><marc:subfield code="b">00</marc:subfield><marc:subfield code="a">JONES</marc:subfield><marc:subfield code="h">Morris Charles</marc:subfield><marc:subfield code="p">9917.gg.13.</marc:subfield><marc:subfield code="x">1680550241</marc:subfield></marc:datafield></marc:record>