
<marc:record><marc:leader>00701cam a22001693  4500</marc:leader>
<marc:controlfield tag="001">000000788</marc:controlfield>
<marc:controlfield tag="003">Uk</marc:controlfield><marc:controlfield tag="005">20110311165800.0</marc:controlfield><marc:controlfield tag="008">981002|1892|||||||    ||     ||| |||||  </marc:controlfield><marc:datafield tag="040" ind1=" " ind2=" "><marc:subfield code="a">Uk</marc:subfield><marc:subfield code="c">Uk</marc:subfield></marc:datafield><marc:datafield tag="100" ind1="1" ind2=" "><marc:subfield code="a">A., K.</marc:subfield></marc:datafield><marc:datafield tag="245" ind1="1" ind2="0"><marc:subfield code="a">Bismarck un dat Volk. Wat en ollen Mäkelbörger un Nörgler in Friedrichsruh sehn un seggt hett. (Von K. A.) [In verse.]</marc:subfield></marc:datafield><marc:datafield tag="260" ind1=" " ind2=" "><marc:subfield code="a">Hamburg,</marc:subfield><marc:subfield code="c">1892.</marc:subfield></marc:datafield><marc:datafield tag="300" ind1=" " ind2=" "><marc:subfield code="a">18 p. ;</marc:subfield><marc:subfield code="c">8º.</marc:subfield></marc:datafield><marc:datafield tag="700" ind1="1" ind2=" "><marc:subfield code="a">BISMARCK-SCHOENHAUSEN, Otto Eduard Leopold von,</marc:subfield><marc:subfield code="c">Prince.</marc:subfield><marc:subfield code="t">Appendix. IV. Miscellaneous.</marc:subfield></marc:datafield><marc:datafield tag="852" ind1="4" ind2="1"><marc:subfield code="a">British Library</marc:subfield><marc:subfield code="b">HMNTS</marc:subfield><marc:subfield code="j">011528.g.59.(7.)</marc:subfield></marc:datafield><marc:datafield tag="886" ind1="2" ind2=" "><marc:subfield code="2">blmarc</marc:subfield><marc:subfield code="a">709</marc:subfield><marc:subfield code="b">00</marc:subfield><marc:subfield code="a">BISMARCK-SCHOENHAUSEN</marc:subfield><marc:subfield code="h">Otto Eduard Leopold von</marc:subfield><marc:subfield code="f">Prince</marc:subfield><marc:subfield code="t">Appendix</marc:subfield><marc:subfield code="t">IV. Miscellaneous</marc:subfield><marc:subfield code="p">011528.g.59.(7.)</marc:subfield><marc:subfield code="x">0332250288</marc:subfield></marc:datafield></marc:record>