
<marc:record><marc:leader>01084cam a22002413  4500</marc:leader>
<marc:controlfield tag="001">000000799</marc:controlfield>
<marc:controlfield tag="003">Uk</marc:controlfield><marc:controlfield tag="005">20110119131900.0</marc:controlfield><marc:controlfield tag="008">991108|1873|||||||    ||     ||| |||||  </marc:controlfield><marc:datafield tag="040" ind1=" " ind2=" "><marc:subfield code="a">Uk</marc:subfield><marc:subfield code="c">Uk</marc:subfield></marc:datafield><marc:datafield tag="100" ind1="1" ind2=" "><marc:subfield code="a">A., L.</marc:subfield></marc:datafield><marc:datafield tag="245" ind1="1" ind2="0"><marc:subfield code="a">Les pontons de Rochefort, 1793. [Compiled by L. A., i.e. Louis Audiat, including: “Descriptio harum quas perpessi sunt œrumnarum Christi sacerdotes ... ad deportationem ... rapti, circa finem anni ... 1793,” a poem, by A. Lequin and C. Dumonet, with a French translation and accounts of the authors.]</marc:subfield></marc:datafield><marc:datafield tag="260" ind1=" " ind2=" "><marc:subfield code="a">Paris,</marc:subfield><marc:subfield code="c">[1873]</marc:subfield></marc:datafield><marc:datafield tag="300" ind1=" " ind2=" "><marc:subfield code="a">71 p. ;</marc:subfield><marc:subfield code="c">8º.</marc:subfield></marc:datafield><marc:datafield tag="700" ind1="1" ind2=" "><marc:subfield code="a">AUDIAT, Louis.</marc:subfield></marc:datafield><marc:datafield tag="700" ind1="1" ind2=" "><marc:subfield code="a">DUMONET, Claude.</marc:subfield></marc:datafield><marc:datafield tag="700" ind1="1" ind2=" "><marc:subfield code="a">LEQIN, Antoine,</marc:subfield><marc:subfield code="c">Curé of Loriges.</marc:subfield></marc:datafield><marc:datafield tag="720" ind1=" " ind2=" "><marc:subfield code="a">ROCHEFORT. Appendix</marc:subfield></marc:datafield><marc:datafield tag="852" ind1="4" ind2="1"><marc:subfield code="a">British Library</marc:subfield><marc:subfield code="b">HMNTS</marc:subfield><marc:subfield code="j">9226.c.7.</marc:subfield></marc:datafield><marc:datafield tag="886" ind1="2" ind2=" "><marc:subfield code="2">blmarc</marc:subfield><marc:subfield code="a">709</marc:subfield><marc:subfield code="b">00</marc:subfield><marc:subfield code="a">AUDIAT</marc:subfield><marc:subfield code="h">Louis</marc:subfield><marc:subfield code="p">9226.c.7.</marc:subfield><marc:subfield code="x">0133930289</marc:subfield></marc:datafield><marc:datafield tag="886" ind1="2" ind2=" "><marc:subfield code="2">blmarc</marc:subfield><marc:subfield code="a">709</marc:subfield><marc:subfield code="b">00</marc:subfield><marc:subfield code="a">DUMONET</marc:subfield><marc:subfield code="h">Claude</marc:subfield><marc:subfield code="p">9226.c.7.</marc:subfield><marc:subfield code="x">0890410186</marc:subfield></marc:datafield><marc:datafield tag="886" ind1="2" ind2=" "><marc:subfield code="2">blmarc</marc:subfield><marc:subfield code="a">709</marc:subfield><marc:subfield code="b">00</marc:subfield><marc:subfield code="a">LEQIN</marc:subfield><marc:subfield code="h">Antoine</marc:subfield><marc:subfield code="f">Curé of Loriges</marc:subfield><marc:subfield code="p">9226.c.7.</marc:subfield><marc:subfield code="x">189498028X</marc:subfield></marc:datafield><marc:datafield tag="886" ind1="2" ind2=" "><marc:subfield code="2">blmarc</marc:subfield><marc:subfield code="a">709</marc:subfield><marc:subfield code="b">00</marc:subfield><marc:subfield code="a">ROCHEFORT</marc:subfield><marc:subfield code="t">Appendix</marc:subfield><marc:subfield code="p">9226.c.7.</marc:subfield><marc:subfield code="x">278301002X</marc:subfield></marc:datafield></marc:record>