
<marc:record><marc:leader>00591cam a22001693  4500</marc:leader>
<marc:controlfield tag="001">000000803</marc:controlfield>
<marc:controlfield tag="003">Uk</marc:controlfield><marc:controlfield tag="005">20110224145400.0</marc:controlfield><marc:controlfield tag="008">870813|1842|||||||    ||     ||| |||||  </marc:controlfield><marc:datafield tag="040" ind1=" " ind2=" "><marc:subfield code="a">Uk</marc:subfield><marc:subfield code="c">Uk</marc:subfield></marc:datafield><marc:datafield tag="100" ind1="1" ind2=" "><marc:subfield code="a">A., L.,</marc:subfield><marc:subfield code="c">Don.</marc:subfield></marc:datafield><marc:datafield tag="245" ind1="1" ind2="0"><marc:subfield code="a">Proyecto de un plan general, para reformar e sistema tributario y la administracion economica de España. Por Don L. A.</marc:subfield></marc:datafield><marc:datafield tag="260" ind1=" " ind2=" "><marc:subfield code="a">Alicante,</marc:subfield><marc:subfield code="c">1842.</marc:subfield></marc:datafield><marc:datafield tag="300" ind1=" " ind2=" "><marc:subfield code="a">75 p. ;</marc:subfield><marc:subfield code="c">4º.</marc:subfield></marc:datafield><marc:datafield tag="710" ind1="1" ind2=" "><marc:subfield code="a">Spain.</marc:subfield><marc:subfield code="t">Appendix. Trade and Finance</marc:subfield></marc:datafield><marc:datafield tag="852" ind1="4" ind2="1"><marc:subfield code="a">British Library</marc:subfield><marc:subfield code="b">HMNTS</marc:subfield><marc:subfield code="j">8225.b.4.</marc:subfield></marc:datafield><marc:datafield tag="886" ind1="2" ind2=" "><marc:subfield code="2">blmarc</marc:subfield><marc:subfield code="a">709</marc:subfield><marc:subfield code="b">00</marc:subfield><marc:subfield code="a">SPAIN</marc:subfield><marc:subfield code="t">Appendix</marc:subfield><marc:subfield code="t">Trade and Finance</marc:subfield><marc:subfield code="p">8225.b.4.</marc:subfield><marc:subfield code="x">3091610047</marc:subfield></marc:datafield></marc:record>