
<marc:record><marc:leader>01085cam a22002173  4500</marc:leader>
<marc:controlfield tag="001">000000813</marc:controlfield>
<marc:controlfield tag="003">Uk</marc:controlfield><marc:controlfield tag="005">20110119131900.0</marc:controlfield><marc:controlfield tag="008">870813|1821|||||||    ||     ||| |||||  </marc:controlfield><marc:datafield tag="040" ind1=" " ind2=" "><marc:subfield code="a">Uk</marc:subfield><marc:subfield code="c">Uk</marc:subfield></marc:datafield><marc:datafield tag="100" ind1="1" ind2=" "><marc:subfield code="a">A***, L. N.,</marc:subfield><marc:subfield code="c">and T*** (C.)</marc:subfield></marc:datafield><marc:datafield tag="245" ind1="1" ind2="0"><marc:subfield code="a">Les Jeunes Voyageurs, ou lettres sur la France en prose et en vers: ornées de quatrevingthuit gravures, offrant à l'œil la carte générale de la France, les cartes particulières des départemens, les productions ... les curiosités et les noms des hommes célèbres. Par L. N. A*** et C. T*** [i.e. Constant Taillard].</marc:subfield></marc:datafield><marc:datafield tag="260" ind1=" " ind2=" "><marc:subfield code="a">Paris,</marc:subfield><marc:subfield code="c">1821.</marc:subfield></marc:datafield><marc:datafield tag="300" ind1=" " ind2=" "><marc:subfield code="a">6 tom. ;</marc:subfield><marc:subfield code="c">12º.</marc:subfield></marc:datafield><marc:datafield tag="700" ind1="1" ind2=" "><marc:subfield code="a">T***, C.</marc:subfield></marc:datafield><marc:datafield tag="700" ind1="1" ind2=" "><marc:subfield code="a">TAILLARD, Constant.</marc:subfield></marc:datafield><marc:datafield tag="710" ind1="1" ind2=" "><marc:subfield code="a">France.</marc:subfield><marc:subfield code="t">Appendix. Descriptions and Travels, including Topography</marc:subfield></marc:datafield><marc:datafield tag="852" ind1="4" ind2="1"><marc:subfield code="a">British Library</marc:subfield><marc:subfield code="b">HMNTS</marc:subfield><marc:subfield code="j">10168.a.22.</marc:subfield></marc:datafield><marc:datafield tag="886" ind1="2" ind2=" "><marc:subfield code="2">blmarc</marc:subfield><marc:subfield code="a">709</marc:subfield><marc:subfield code="b">00</marc:subfield><marc:subfield code="a">FRANCE</marc:subfield><marc:subfield code="t">Appendix</marc:subfield><marc:subfield code="t">Descriptions and Travels, including Topography</marc:subfield><marc:subfield code="p">10168.a.22.</marc:subfield><marc:subfield code="x">1136210024</marc:subfield></marc:datafield><marc:datafield tag="886" ind1="2" ind2=" "><marc:subfield code="2">blmarc</marc:subfield><marc:subfield code="a">709</marc:subfield><marc:subfield code="b">00</marc:subfield><marc:subfield code="a">T***</marc:subfield><marc:subfield code="h">C.</marc:subfield><marc:subfield code="p">10168.a.22.</marc:subfield><marc:subfield code="x">3194730258</marc:subfield></marc:datafield><marc:datafield tag="886" ind1="2" ind2=" "><marc:subfield code="2">blmarc</marc:subfield><marc:subfield code="a">709</marc:subfield><marc:subfield code="b">00</marc:subfield><marc:subfield code="a">TAILLARD</marc:subfield><marc:subfield code="h">Constant</marc:subfield><marc:subfield code="p">10168.a.22.</marc:subfield><marc:subfield code="x">3201780235</marc:subfield></marc:datafield></marc:record>