
<marc:record><marc:leader>00990cam a22002293  4500</marc:leader>
<marc:controlfield tag="001">000000814</marc:controlfield>
<marc:controlfield tag="003">Uk</marc:controlfield><marc:controlfield tag="005">20111222151700.0</marc:controlfield><marc:controlfield tag="008">870813|1824|||||||    ||     ||| |||||  </marc:controlfield><marc:datafield tag="040" ind1=" " ind2=" "><marc:subfield code="a">Uk</marc:subfield><marc:subfield code="c">Uk</marc:subfield></marc:datafield><marc:datafield tag="100" ind1="1" ind2=" "><marc:subfield code="a">A., L. N.,</marc:subfield><marc:subfield code="c">and T... (C.)</marc:subfield></marc:datafield><marc:datafield tag="245" ind1="1" ind2="0"><marc:subfield code="a">Les Jeunes voyageurs en France, ou Lettres sur les départemens; ouvrage rédigé par L. N. A. et C. T... [i.e. Constant Taillard.] Entièrement revu et en partie refondu par M. G.-B. Depping. Nouvelle édition, ornée de 100 cartes et vues.</marc:subfield></marc:datafield><marc:datafield tag="260" ind1=" " ind2=" "><marc:subfield code="a">Paris,</marc:subfield><marc:subfield code="c">1824.</marc:subfield></marc:datafield><marc:datafield tag="300" ind1=" " ind2=" "><marc:subfield code="a">6 tom. ;</marc:subfield><marc:subfield code="c">18º.</marc:subfield></marc:datafield><marc:datafield tag="500" ind1=" " ind2=" "><marc:subfield code="a">In a contemporary gold-tooled calf binding signed by Carré.</marc:subfield></marc:datafield><marc:datafield tag="700" ind1="1" ind2=" "><marc:subfield code="a">DEPPING, Georg Bernhard.</marc:subfield></marc:datafield><marc:datafield tag="700" ind1="1" ind2=" "><marc:subfield code="a">T***, C.</marc:subfield></marc:datafield><marc:datafield tag="700" ind1="1" ind2=" "><marc:subfield code="a">TAILLARD, Constant.</marc:subfield></marc:datafield><marc:datafield tag="852" ind1="4" ind2="1"><marc:subfield code="a">British Library</marc:subfield><marc:subfield code="b">HMNTS</marc:subfield><marc:subfield code="j">C.150.f.7.</marc:subfield></marc:datafield><marc:datafield tag="886" ind1="2" ind2=" "><marc:subfield code="2">blmarc</marc:subfield><marc:subfield code="a">709</marc:subfield><marc:subfield code="b">00</marc:subfield><marc:subfield code="a">DEPPING</marc:subfield><marc:subfield code="h">Georg Bernhard</marc:subfield><marc:subfield code="p">C.150.f.7.</marc:subfield><marc:subfield code="x">0810420163</marc:subfield></marc:datafield><marc:datafield tag="886" ind1="2" ind2=" "><marc:subfield code="2">blmarc</marc:subfield><marc:subfield code="a">709</marc:subfield><marc:subfield code="b">00</marc:subfield><marc:subfield code="a">T***</marc:subfield><marc:subfield code="h">C.</marc:subfield><marc:subfield code="p">C.150.f.7.</marc:subfield><marc:subfield code="x">3194730266</marc:subfield></marc:datafield><marc:datafield tag="886" ind1="2" ind2=" "><marc:subfield code="2">blmarc</marc:subfield><marc:subfield code="a">709</marc:subfield><marc:subfield code="b">00</marc:subfield><marc:subfield code="a">TAILLARD</marc:subfield><marc:subfield code="h">Constant</marc:subfield><marc:subfield code="p">C.150.f.7.</marc:subfield><marc:subfield code="x">3201780243</marc:subfield></marc:datafield></marc:record>