
<marc:record><marc:leader>01328cam a22002653  4500</marc:leader>
<marc:controlfield tag="001">000000815</marc:controlfield>
<marc:controlfield tag="003">Uk</marc:controlfield><marc:controlfield tag="005">20110119132300.0</marc:controlfield><marc:controlfield tag="008">870813|1830|||||||    ||     ||| |||||  </marc:controlfield><marc:datafield tag="040" ind1=" " ind2=" "><marc:subfield code="a">Uk</marc:subfield><marc:subfield code="c">Uk</marc:subfield></marc:datafield><marc:datafield tag="100" ind1="1" ind2=" "><marc:subfield code="a">A***, L. N.,</marc:subfield><marc:subfield code="c">and T*** (C.)</marc:subfield></marc:datafield><marc:datafield tag="245" ind1="1" ind2="0"><marc:subfield code="a">Les Jeunes Voyageurs en France, ou lettres sur les départemens; ouvrage rédigé dans le principe par L. N. A. et C. T. [i.e. C. Taillard], entièrement revu, refondu et amélioré jusqu'en 1827 par ... G. B. Depping. Troisième édition, continuée jusqu'à ce jour par Ét. L. D. (Le Doux), ornée de 106 cartes et vues.</marc:subfield></marc:datafield><marc:datafield tag="260" ind1=" " ind2=" "><marc:subfield code="a">Paris,</marc:subfield><marc:subfield code="c">1830.</marc:subfield></marc:datafield><marc:datafield tag="300" ind1=" " ind2=" "><marc:subfield code="a">6 tom. ;</marc:subfield><marc:subfield code="c">18º.</marc:subfield></marc:datafield><marc:datafield tag="700" ind1="1" ind2=" "><marc:subfield code="a">DEPPING, Georg Bernhard.</marc:subfield></marc:datafield><marc:datafield tag="700" ind1="1" ind2=" "><marc:subfield code="a">Ledoux, Étienne.</marc:subfield></marc:datafield><marc:datafield tag="700" ind1="1" ind2=" "><marc:subfield code="a">T***, C.</marc:subfield></marc:datafield><marc:datafield tag="700" ind1="1" ind2=" "><marc:subfield code="a">TAILLARD, Constant.</marc:subfield></marc:datafield><marc:datafield tag="710" ind1="1" ind2=" "><marc:subfield code="a">France.</marc:subfield><marc:subfield code="t">Appendix. Descriptions and Travels, including Topography</marc:subfield></marc:datafield><marc:datafield tag="852" ind1="4" ind2="1"><marc:subfield code="a">British Library</marc:subfield><marc:subfield code="b">HMNTS</marc:subfield><marc:subfield code="j">10170.aaa.4.</marc:subfield></marc:datafield><marc:datafield tag="886" ind1="2" ind2=" "><marc:subfield code="2">blmarc</marc:subfield><marc:subfield code="a">709</marc:subfield><marc:subfield code="b">00</marc:subfield><marc:subfield code="a">DEPPING</marc:subfield><marc:subfield code="h">Georg Bernhard</marc:subfield><marc:subfield code="p">10170.aaa.4.</marc:subfield><marc:subfield code="x">0810420171</marc:subfield></marc:datafield><marc:datafield tag="886" ind1="2" ind2=" "><marc:subfield code="2">blmarc</marc:subfield><marc:subfield code="a">709</marc:subfield><marc:subfield code="b">00</marc:subfield><marc:subfield code="a">FRANCE</marc:subfield><marc:subfield code="t">Appendix</marc:subfield><marc:subfield code="t">Descriptions and Travels, including Topography</marc:subfield><marc:subfield code="p">10170.aaa.4.</marc:subfield><marc:subfield code="x">1136210024</marc:subfield></marc:datafield><marc:datafield tag="886" ind1="2" ind2=" "><marc:subfield code="2">blmarc</marc:subfield><marc:subfield code="a">709</marc:subfield><marc:subfield code="b">00</marc:subfield><marc:subfield code="a">LEDOUX</marc:subfield><marc:subfield code="h">Étienne</marc:subfield><marc:subfield code="p">10170.aaa.4.</marc:subfield><marc:subfield code="x">1872110061</marc:subfield></marc:datafield><marc:datafield tag="886" ind1="2" ind2=" "><marc:subfield code="2">blmarc</marc:subfield><marc:subfield code="a">709</marc:subfield><marc:subfield code="b">00</marc:subfield><marc:subfield code="a">T***</marc:subfield><marc:subfield code="h">C.</marc:subfield><marc:subfield code="p">10170.aaa.4.</marc:subfield><marc:subfield code="x">3194730274</marc:subfield></marc:datafield><marc:datafield tag="886" ind1="2" ind2=" "><marc:subfield code="2">blmarc</marc:subfield><marc:subfield code="a">709</marc:subfield><marc:subfield code="b">00</marc:subfield><marc:subfield code="a">TAILLARD</marc:subfield><marc:subfield code="h">Constant</marc:subfield><marc:subfield code="p">10170.aaa.4.</marc:subfield><marc:subfield code="x">3201780243</marc:subfield></marc:datafield></marc:record>