
<marc:record><marc:leader>00978cam a22002173  4500</marc:leader>
<marc:controlfield tag="001">000000828</marc:controlfield>
<marc:controlfield tag="003">Uk</marc:controlfield><marc:controlfield tag="005">20130503191800.0</marc:controlfield><marc:controlfield tag="008">870813|1875||||enk    ||     ||| ||eng  </marc:controlfield><marc:datafield tag="040" ind1=" " ind2=" "><marc:subfield code="a">Uk</marc:subfield><marc:subfield code="c">Uk</marc:subfield></marc:datafield><marc:datafield tag="100" ind1="0" ind2=" "><marc:subfield code="a">Remaʿ.</marc:subfield></marc:datafield><marc:datafield tag="245" ind1="1" ind2="4"><marc:subfield code="a">The British Museum. An impartial statement, in answer to a pamphlet [by Stephen Poles] entitled 'The Actual Condition of the British Museum.' By M. A. [i.e. L. P. Mercier.]</marc:subfield></marc:datafield><marc:datafield tag="260" ind1=" " ind2=" "><marc:subfield code="a">London :</marc:subfield><marc:subfield code="b">Spottiswoode &amp; Co.,</marc:subfield><marc:subfield code="c">1875.</marc:subfield></marc:datafield><marc:datafield tag="300" ind1=" " ind2=" "><marc:subfield code="a">27 p. ;</marc:subfield><marc:subfield code="c">8º.</marc:subfield></marc:datafield><marc:datafield tag="700" ind1="1" ind2=" "><marc:subfield code="a">MERCIER, Lewis Page.</marc:subfield></marc:datafield><marc:datafield tag="700" ind1="1" ind2=" "><marc:subfield code="a">POLES, Stephan.</marc:subfield></marc:datafield><marc:datafield tag="710" ind1="2" ind2=" "><marc:subfield code="a">British Museum.</marc:subfield><marc:subfield code="t">Appendix. Miscellaneous.</marc:subfield></marc:datafield><marc:datafield tag="852" ind1="4" ind2="1"><marc:subfield code="a">British Library</marc:subfield><marc:subfield code="b">HMNTS</marc:subfield><marc:subfield code="j">C.134.b.11.(2.)</marc:subfield></marc:datafield><marc:datafield tag="886" ind1="2" ind2=" "><marc:subfield code="2">blmarc</marc:subfield><marc:subfield code="a">709</marc:subfield><marc:subfield code="b">00</marc:subfield><marc:subfield code="a">LONDON</marc:subfield><marc:subfield code="d">III. Miscellaneous Institutions, Societies, and Other Bodies</marc:subfield><marc:subfield code="d">British Museum</marc:subfield><marc:subfield code="t">Appendix</marc:subfield><marc:subfield code="t">Miscellaneous</marc:subfield><marc:subfield code="p">C.134.b.11.(2.)</marc:subfield><marc:subfield code="x">1972670190</marc:subfield></marc:datafield><marc:datafield tag="886" ind1="2" ind2=" "><marc:subfield code="2">blmarc</marc:subfield><marc:subfield code="a">709</marc:subfield><marc:subfield code="b">00</marc:subfield><marc:subfield code="a">MERCIER</marc:subfield><marc:subfield code="h">Lewis Page</marc:subfield><marc:subfield code="p">C.134.b.11.(2.)</marc:subfield><marc:subfield code="x">2184120367</marc:subfield></marc:datafield><marc:datafield tag="886" ind1="2" ind2=" "><marc:subfield code="2">blmarc</marc:subfield><marc:subfield code="a">709</marc:subfield><marc:subfield code="b">00</marc:subfield><marc:subfield code="a">POLES</marc:subfield><marc:subfield code="h">Stephan</marc:subfield><marc:subfield code="p">C.134.b.11.(2.)</marc:subfield><marc:subfield code="x">2620070007</marc:subfield></marc:datafield></marc:record>