
<marc:record><marc:leader>00432cam a22001453  4500</marc:leader>
<marc:controlfield tag="001">000000842</marc:controlfield>
<marc:controlfield tag="003">Uk</marc:controlfield><marc:controlfield tag="005">20120302164100.0</marc:controlfield><marc:controlfield tag="008">870813|1855|||||||    ||     ||| |||||  </marc:controlfield><marc:datafield tag="040" ind1=" " ind2=" "><marc:subfield code="a">Uk</marc:subfield><marc:subfield code="c">Uk</marc:subfield></marc:datafield><marc:datafield tag="100" ind1="0" ind2=" "><marc:subfield code="a">Remaʿ.</marc:subfield></marc:datafield><marc:datafield tag="245" ind1="1" ind2="0"><marc:subfield code="a">Faith's Cloud of Witnesses. From Old Testament history, chronologically arranged. By M. A.</marc:subfield></marc:datafield><marc:datafield tag="260" ind1=" " ind2=" "><marc:subfield code="a">London :</marc:subfield><marc:subfield code="b">J. Groom,</marc:subfield><marc:subfield code="c">[1855?]</marc:subfield></marc:datafield><marc:datafield tag="300" ind1=" " ind2=" "><marc:subfield code="a">15 p. ;</marc:subfield><marc:subfield code="c">32º.</marc:subfield></marc:datafield><marc:datafield tag="852" ind1="4" ind2="1"><marc:subfield code="a">British Library</marc:subfield><marc:subfield code="b">HMNTS</marc:subfield><marc:subfield code="j">D-4416.b.59.(1.)</marc:subfield></marc:datafield></marc:record>