
<marc:record><marc:leader>00907cam a22002173  4500</marc:leader>
<marc:controlfield tag="001">000000857</marc:controlfield>
<marc:controlfield tag="003">Uk</marc:controlfield><marc:controlfield tag="005">20110311165800.0</marc:controlfield><marc:controlfield tag="008">870813|1819|||||||    ||     ||| |||||  </marc:controlfield><marc:datafield tag="040" ind1=" " ind2=" "><marc:subfield code="a">Uk</marc:subfield><marc:subfield code="c">Uk</marc:subfield></marc:datafield><marc:datafield tag="100" ind1="0" ind2=" "><marc:subfield code="a">Remaʿ.</marc:subfield></marc:datafield><marc:datafield tag="245" ind1="1" ind2="0"><marc:subfield code="a">Notice d'un choix précieux de dessins du cabinet de M. A*** [identified in a ms. note as - Aubert]. Par F.-L. Regnault-Dalalande. Cette vente se fera ... le ... 28 avril [1819], etc. Ms. notes and prices.</marc:subfield></marc:datafield><marc:datafield tag="260" ind1=" " ind2=" "><marc:subfield code="a">Paris,</marc:subfield><marc:subfield code="c">1819.</marc:subfield></marc:datafield><marc:datafield tag="300" ind1=" " ind2=" "><marc:subfield code="a">11 p. ;</marc:subfield><marc:subfield code="c">8º.</marc:subfield></marc:datafield><marc:datafield tag="655" ind1=" " ind2="4"><marc:subfield code="a">Catalogues.</marc:subfield></marc:datafield><marc:datafield tag="700" ind1="0" ind2=" "><marc:subfield code="a">AUBERT,</marc:subfield><marc:subfield code="c">Art Dealer.</marc:subfield></marc:datafield><marc:datafield tag="700" ind1="1" ind2=" "><marc:subfield code="a">REGNAULT-DELALANDE, François Léandre.</marc:subfield></marc:datafield><marc:datafield tag="852" ind1="4" ind2="1"><marc:subfield code="a">British Library</marc:subfield><marc:subfield code="b">HMNTS</marc:subfield><marc:subfield code="j">562.e.42.(35.)</marc:subfield></marc:datafield><marc:datafield tag="886" ind1="2" ind2=" "><marc:subfield code="2">blmarc</marc:subfield><marc:subfield code="a">709</marc:subfield><marc:subfield code="b">00</marc:subfield><marc:subfield code="a">AUBERT</marc:subfield><marc:subfield code="f">Art Dealer</marc:subfield><marc:subfield code="p">562.e.42.(35.)</marc:subfield><marc:subfield code="x">0133060217</marc:subfield></marc:datafield><marc:datafield tag="886" ind1="2" ind2=" "><marc:subfield code="2">blmarc</marc:subfield><marc:subfield code="a">709</marc:subfield><marc:subfield code="b">00</marc:subfield><marc:subfield code="a">CATALOGUES</marc:subfield><marc:subfield code="p">562.e.42.(35.)</marc:subfield><marc:subfield code="x">0561470103</marc:subfield></marc:datafield><marc:datafield tag="886" ind1="2" ind2=" "><marc:subfield code="2">blmarc</marc:subfield><marc:subfield code="a">709</marc:subfield><marc:subfield code="b">00</marc:subfield><marc:subfield code="a">REGNAULT-DELALANDE</marc:subfield><marc:subfield code="h">François Léandre</marc:subfield><marc:subfield code="p">562.e.42.(35.)</marc:subfield><marc:subfield code="x">2723090078</marc:subfield></marc:datafield></marc:record>