
<marc:record><marc:leader>00606cam a22001693  4500</marc:leader>
<marc:controlfield tag="001">000000863</marc:controlfield>
<marc:controlfield tag="003">Uk</marc:controlfield><marc:controlfield tag="005">20110119132300.0</marc:controlfield><marc:controlfield tag="008">870813|1858|||||||    ||     ||| |||||  </marc:controlfield><marc:datafield tag="040" ind1=" " ind2=" "><marc:subfield code="a">Uk</marc:subfield><marc:subfield code="c">Uk</marc:subfield></marc:datafield><marc:datafield tag="100" ind1="0" ind2=" "><marc:subfield code="a">Remaʿ.</marc:subfield></marc:datafield><marc:datafield tag="245" ind1="1" ind2="0"><marc:subfield code="a">Practical Hints on Church Floral Decorations. By a Lady (M. A.). With an introduction by the Rev. W. Gresley.</marc:subfield></marc:datafield><marc:datafield tag="260" ind1=" " ind2=" "><marc:subfield code="a">pp. viii. 75. pl. 20. J. Masters: London, [1858.]</marc:subfield></marc:datafield><marc:datafield tag="300" ind1=" " ind2=" "><marc:subfield code="a">8º.</marc:subfield></marc:datafield><marc:datafield tag="700" ind1="1" ind2=" "><marc:subfield code="a">Gresley, W.</marc:subfield><marc:subfield code="q">(William),</marc:subfield><marc:subfield code="d">1801-1876</marc:subfield></marc:datafield><marc:datafield tag="852" ind1="4" ind2="1"><marc:subfield code="a">British Library</marc:subfield><marc:subfield code="b">HMNTS</marc:subfield><marc:subfield code="j">1401.a.21.</marc:subfield></marc:datafield><marc:datafield tag="886" ind1="2" ind2=" "><marc:subfield code="2">blmarc</marc:subfield><marc:subfield code="a">709</marc:subfield><marc:subfield code="b">00</marc:subfield><marc:subfield code="a">GRESLEY</marc:subfield><marc:subfield code="h">William</marc:subfield><marc:subfield code="f">Prebendary of Lichfield</marc:subfield><marc:subfield code="p">1401.a.21.</marc:subfield><marc:subfield code="x">1322870101</marc:subfield></marc:datafield></marc:record>