
<marc:record><marc:leader>00820cam a22002053  4500</marc:leader>
<marc:controlfield tag="001">000000867</marc:controlfield>
<marc:controlfield tag="003">Uk</marc:controlfield><marc:controlfield tag="005">20110119132300.0</marc:controlfield><marc:controlfield tag="008">961010|1850|||||||    ||     ||| |||||  </marc:controlfield><marc:datafield tag="040" ind1=" " ind2=" "><marc:subfield code="a">Uk</marc:subfield><marc:subfield code="c">Uk</marc:subfield></marc:datafield><marc:datafield tag="100" ind1="0" ind2=" "><marc:subfield code="a">Remaʿ.</marc:subfield></marc:datafield><marc:datafield tag="245" ind1="1" ind2="0"><marc:subfield code="a">Rhymes for Harry and his nurse-maid. [The preface signed: M. A., i.e. Maria Arthington.]</marc:subfield></marc:datafield><marc:datafield tag="260" ind1=" " ind2=" "><marc:subfield code="a">London :</marc:subfield><marc:subfield code="b">W. Darton,</marc:subfield><marc:subfield code="c">[1850?].</marc:subfield></marc:datafield><marc:datafield tag="300" ind1=" " ind2=" "><marc:subfield code="a">36 p. ;</marc:subfield><marc:subfield code="c">8º.</marc:subfield></marc:datafield><marc:datafield tag="700" ind1="1" ind2=" "><marc:subfield code="a">ARTHINGTON, Maria.</marc:subfield></marc:datafield><marc:datafield tag="720" ind1=" " ind2=" "><marc:subfield code="a">HARRY</marc:subfield></marc:datafield><marc:datafield tag="775" ind1="0" ind2=" "><marc:subfield code="t">[Rhymes for Harry and his nurse-maid. [The preface signed: M. A., i.e. Maria Arthington.]]</marc:subfield><marc:subfield code="d">pp. 46. The Author: London, 1851. 8º.</marc:subfield><marc:subfield code="w">(Uk)MP1.0000000831.1</marc:subfield></marc:datafield><marc:datafield tag="852" ind1="4" ind2="1"><marc:subfield code="a">British Library</marc:subfield><marc:subfield code="b">HMNTS</marc:subfield><marc:subfield code="j">11601.dd.10.(5.)</marc:subfield></marc:datafield><marc:datafield tag="886" ind1="2" ind2=" "><marc:subfield code="2">blmarc</marc:subfield><marc:subfield code="a">709</marc:subfield><marc:subfield code="b">00</marc:subfield><marc:subfield code="a">ARTHINGTON</marc:subfield><marc:subfield code="h">Maria</marc:subfield><marc:subfield code="p">11601.dd.10.(5.)</marc:subfield><marc:subfield code="p">11644.c.14.</marc:subfield><marc:subfield code="x">0121510166</marc:subfield></marc:datafield><marc:datafield tag="886" ind1="2" ind2=" "><marc:subfield code="2">blmarc</marc:subfield><marc:subfield code="a">709</marc:subfield><marc:subfield code="b">00</marc:subfield><marc:subfield code="a">HARRY</marc:subfield><marc:subfield code="p">11601.dd.10.(5.)</marc:subfield><marc:subfield code="x">1410330001</marc:subfield></marc:datafield></marc:record>