
<marc:record><marc:leader>00688cam a22001813  4500</marc:leader>
<marc:controlfield tag="001">000000872</marc:controlfield>
<marc:controlfield tag="003">Uk</marc:controlfield><marc:controlfield tag="005">20110119132300.0</marc:controlfield><marc:controlfield tag="008">870813|1855|||||||    ||     ||| |||||  </marc:controlfield><marc:datafield tag="040" ind1=" " ind2=" "><marc:subfield code="a">Uk</marc:subfield><marc:subfield code="c">Uk</marc:subfield></marc:datafield><marc:datafield tag="100" ind1="0" ind2=" "><marc:subfield code="a">Remaʿ.</marc:subfield></marc:datafield><marc:datafield tag="245" ind1="1" ind2="0"><marc:subfield code="a">To Mary Wright, on completing her 100th year. [In verse, signed: A. M., i.e. Maria Arthington.]</marc:subfield></marc:datafield><marc:datafield tag="260" ind1=" " ind2=" "><marc:subfield code="a">Leeds :</marc:subfield><marc:subfield code="b">Jane Jowett,</marc:subfield><marc:subfield code="c">[1855.].</marc:subfield></marc:datafield><marc:datafield tag="300" ind1=" " ind2=" "><marc:subfield code="c">8º.</marc:subfield></marc:datafield><marc:datafield tag="500" ind1=" " ind2=" "><marc:subfield code="a">Inserted is a cutting entitled “Lines written ... after the Funeral of M. Wright,” by the same author.</marc:subfield></marc:datafield><marc:datafield tag="700" ind1="1" ind2=" "><marc:subfield code="a">WRIGHT, Mary,</marc:subfield><marc:subfield code="c">Centenarian.</marc:subfield></marc:datafield><marc:datafield tag="852" ind1="4" ind2="1"><marc:subfield code="a">British Library</marc:subfield><marc:subfield code="b">HMNTS</marc:subfield><marc:subfield code="j">11644.ccc.37.(2.)</marc:subfield></marc:datafield><marc:datafield tag="886" ind1="2" ind2=" "><marc:subfield code="2">blmarc</marc:subfield><marc:subfield code="a">709</marc:subfield><marc:subfield code="b">00</marc:subfield><marc:subfield code="a">WRIGHT</marc:subfield><marc:subfield code="h">Mary</marc:subfield><marc:subfield code="f">Centenarian</marc:subfield><marc:subfield code="p">11644.ccc.37.(2.)</marc:subfield><marc:subfield code="x">3562450222</marc:subfield></marc:datafield></marc:record>