
<marc:record><marc:leader>00711cam a22001693  4500</marc:leader>
<marc:controlfield tag="001">000000888</marc:controlfield>
<marc:controlfield tag="003">Uk</marc:controlfield><marc:controlfield tag="005">20110119131900.0</marc:controlfield><marc:controlfield tag="008">870813|1873|||||||    ||     ||| ||eng  </marc:controlfield><marc:datafield tag="040" ind1=" " ind2=" "><marc:subfield code="a">Uk</marc:subfield><marc:subfield code="c">Uk</marc:subfield></marc:datafield><marc:datafield tag="100" ind1="1" ind2=" "><marc:subfield code="a">A., M.,</marc:subfield><marc:subfield code="c">Königlich Preussische Artillerie-Offizier.</marc:subfield></marc:datafield><marc:datafield tag="245" ind1="1" ind2="4"><marc:subfield code="a">The War of 1870-71. By M. A., a Prussian artillery officer. Translated from the German by ... C. H. F. Ellis ... With comparative extracts from the various French and German works on the War.</marc:subfield></marc:datafield><marc:datafield tag="260" ind1=" " ind2=" "><marc:subfield code="a">London :</marc:subfield><marc:subfield code="b">Edward Bumpus,</marc:subfield><marc:subfield code="c">1873.</marc:subfield></marc:datafield><marc:datafield tag="300" ind1=" " ind2=" "><marc:subfield code="a">vii, 448 p. ;</marc:subfield><marc:subfield code="c">8º.</marc:subfield></marc:datafield><marc:datafield tag="700" ind1="1" ind2=" "><marc:subfield code="a">ELLIS, Charles H. Fairfax.</marc:subfield></marc:datafield><marc:datafield tag="852" ind1="4" ind2="1"><marc:subfield code="a">British Library</marc:subfield><marc:subfield code="b">HMNTS</marc:subfield><marc:subfield code="j">9077.bbb.37.</marc:subfield></marc:datafield><marc:datafield tag="886" ind1="2" ind2=" "><marc:subfield code="2">blmarc</marc:subfield><marc:subfield code="a">709</marc:subfield><marc:subfield code="b">00</marc:subfield><marc:subfield code="a">ELLIS</marc:subfield><marc:subfield code="h">Charles H. Fairfax</marc:subfield><marc:subfield code="p">9077.bbb.37.</marc:subfield><marc:subfield code="x">0934740283</marc:subfield></marc:datafield></marc:record>