
<marc:record><marc:leader>00610cam a22001813  4500</marc:leader>
<marc:controlfield tag="001">000000891</marc:controlfield>
<marc:controlfield tag="003">Uk</marc:controlfield><marc:controlfield tag="005">20090211154242.0</marc:controlfield><marc:controlfield tag="008">870813|1880|||||||    ||     ||| |||||  </marc:controlfield><marc:datafield tag="040" ind1=" " ind2=" "><marc:subfield code="a">Uk</marc:subfield><marc:subfield code="c">Uk</marc:subfield></marc:datafield><marc:datafield tag="100" ind1="1" ind2=" "><marc:subfield code="a">A., M.,</marc:subfield><marc:subfield code="c">Oxon.</marc:subfield></marc:datafield><marc:datafield tag="245" ind1="1" ind2="0"><marc:subfield code="a">Higher Aspects of Spiritualism. By M. A., Oxon. [i.e. W. S. Moses.]</marc:subfield></marc:datafield><marc:datafield tag="260" ind1=" " ind2=" "><marc:subfield code="a">London :</marc:subfield><marc:subfield code="b">E. W. Allen &amp; Co.,</marc:subfield><marc:subfield code="c">1880.</marc:subfield></marc:datafield><marc:datafield tag="300" ind1=" " ind2=" "><marc:subfield code="a">124 p. ;</marc:subfield><marc:subfield code="c">8º.</marc:subfield></marc:datafield><marc:datafield tag="700" ind1="1" ind2=" "><marc:subfield code="a">MOSES, William Stainton.</marc:subfield></marc:datafield><marc:datafield tag="852" ind1="4" ind2="1"><marc:subfield code="a">British Library</marc:subfield><marc:subfield code="b">HMNTS</marc:subfield><marc:subfield code="j">8631.eee.15.</marc:subfield></marc:datafield><marc:datafield tag="886" ind1="2" ind2=" "><marc:subfield code="2">blmarc</marc:subfield><marc:subfield code="a">709</marc:subfield><marc:subfield code="b">00</marc:subfield><marc:subfield code="a">ASPECTS</marc:subfield><marc:subfield code="p">8631.eee.15.</marc:subfield><marc:subfield code="x">0124550029</marc:subfield></marc:datafield><marc:datafield tag="886" ind1="2" ind2=" "><marc:subfield code="2">blmarc</marc:subfield><marc:subfield code="a">709</marc:subfield><marc:subfield code="b">00</marc:subfield><marc:subfield code="a">MOSES</marc:subfield><marc:subfield code="h">William Stainton</marc:subfield><marc:subfield code="p">8631.eee.15.</marc:subfield><marc:subfield code="x">2281700321</marc:subfield></marc:datafield></marc:record>