
<marc:record><marc:leader>00682cam a22001693  4500</marc:leader>
<marc:controlfield tag="001">000000910</marc:controlfield>
<marc:controlfield tag="003">Uk</marc:controlfield><marc:controlfield tag="005">20110119131900.0</marc:controlfield><marc:controlfield tag="008">870813|1808|||||||    ||    o||| |||||  </marc:controlfield><marc:datafield tag="040" ind1=" " ind2=" "><marc:subfield code="a">Uk</marc:subfield><marc:subfield code="c">Uk</marc:subfield></marc:datafield><marc:datafield tag="100" ind1="1" ind2=" "><marc:subfield code="a">A., M. A. de.</marc:subfield></marc:datafield><marc:datafield tag="245" ind1="1" ind2="0"><marc:subfield code="a">Discurso sobre la organizacion y planta de la Junta Suprema de Estado que absorva la soberania. Por un Aragones, Cheso. [Signed: M. A. de A.]</marc:subfield></marc:datafield><marc:datafield tag="260" ind1=" " ind2=" "><marc:subfield code="a">Madrid,</marc:subfield><marc:subfield code="c">1808.</marc:subfield></marc:datafield><marc:datafield tag="300" ind1=" " ind2=" "><marc:subfield code="a">30 p. ;</marc:subfield><marc:subfield code="c">8º.</marc:subfield></marc:datafield><marc:datafield tag="710" ind1="1" ind2=" "><marc:subfield code="a">SPAIN.</marc:subfield><marc:subfield code="b">Junta Suprema de Gobierno.</marc:subfield><marc:subfield code="t">Appendix.</marc:subfield></marc:datafield><marc:datafield tag="852" ind1="4" ind2="1"><marc:subfield code="a">British Library</marc:subfield><marc:subfield code="b">HMNTS</marc:subfield><marc:subfield code="j">9180.c.2.(9.)</marc:subfield></marc:datafield><marc:datafield tag="886" ind1="2" ind2=" "><marc:subfield code="2">blmarc</marc:subfield><marc:subfield code="a">709</marc:subfield><marc:subfield code="b">00</marc:subfield><marc:subfield code="a">SPAIN</marc:subfield><marc:subfield code="d">Departments of State and Public Institutions</marc:subfield><marc:subfield code="d">Junta Suprema de Gobierno</marc:subfield><marc:subfield code="t">Appendix</marc:subfield><marc:subfield code="p">9180.c.2.(9.)</marc:subfield><marc:subfield code="x">3091140008</marc:subfield></marc:datafield></marc:record>