
<marc:record><marc:leader>01285cam a22002173  4500</marc:leader>
<marc:controlfield tag="001">000000911</marc:controlfield>
<marc:controlfield tag="003">Uk</marc:controlfield><marc:controlfield tag="005">20120612092600.0</marc:controlfield><marc:controlfield tag="008">000403|1817|||||||    ||     ||| |||||  </marc:controlfield><marc:datafield tag="040" ind1=" " ind2=" "><marc:subfield code="a">Uk</marc:subfield><marc:subfield code="c">Uk</marc:subfield></marc:datafield><marc:datafield tag="100" ind1="1" ind2=" "><marc:subfield code="a">A., M. A. T. D. de S.</marc:subfield></marc:datafield><marc:datafield tag="245" ind1="1" ind2="0"><marc:subfield code="a">Considérations sur l'existence civile et politique des Israélites; suivies de quelques idées sur l'ouvrage de M. Bail, qui a pour titre: “Des Juifs au XIXe siècle, et de trois lettres de M. Cologna.” Par M. A. T. D. de S. A. [i.e. M. Antoine Toussaint Desquiron de Saint Agnan.] Huitième édition ... augmentée.</marc:subfield></marc:datafield><marc:datafield tag="260" ind1=" " ind2=" "><marc:subfield code="a">Paris,</marc:subfield><marc:subfield code="c">1817.</marc:subfield></marc:datafield><marc:datafield tag="300" ind1=" " ind2=" "><marc:subfield code="a">vii, 130 p. ;</marc:subfield><marc:subfield code="c">8º.</marc:subfield></marc:datafield><marc:datafield tag="700" ind1="1" ind2=" "><marc:subfield code="a">Bail, Charles-Joseph,</marc:subfield><marc:subfield code="d">1777-1827.</marc:subfield><marc:subfield code="t">Des Juifs au dix-neuvième siècle, ou considérations sur leur état civil et politique en Europe, etc.</marc:subfield></marc:datafield><marc:datafield tag="700" ind1="1" ind2=" "><marc:subfield code="a">DESQUIRON DE SAINT-AGNAN, Antoine Toussaint.</marc:subfield></marc:datafield><marc:datafield tag="720" ind1=" " ind2=" "><marc:subfield code="a">ISRAELITES</marc:subfield></marc:datafield><marc:datafield tag="852" ind1="4" ind2="1"><marc:subfield code="a">British Library</marc:subfield><marc:subfield code="b">HMNTS</marc:subfield><marc:subfield code="j">1363.d.6.(6.)</marc:subfield></marc:datafield><marc:datafield tag="886" ind1="2" ind2=" "><marc:subfield code="2">blmarc</marc:subfield><marc:subfield code="a">709</marc:subfield><marc:subfield code="b">00</marc:subfield><marc:subfield code="a">BAIL</marc:subfield><marc:subfield code="h">Charles Joseph</marc:subfield><marc:subfield code="t">Des Juifs au dix-neuvième siècle, ou considérations sur leur état civil et politique en Europe, etc.</marc:subfield><marc:subfield code="p">1363.d.6.(6.)</marc:subfield><marc:subfield code="x">0163170231</marc:subfield></marc:datafield><marc:datafield tag="886" ind1="2" ind2=" "><marc:subfield code="2">blmarc</marc:subfield><marc:subfield code="a">709</marc:subfield><marc:subfield code="b">00</marc:subfield><marc:subfield code="a">DESQUIRON DE SAINT-AGNAN</marc:subfield><marc:subfield code="h">Antoine Toussaint</marc:subfield><marc:subfield code="p">1363.d.6.(6.)</marc:subfield><marc:subfield code="x">0813840074</marc:subfield></marc:datafield><marc:datafield tag="886" ind1="2" ind2=" "><marc:subfield code="2">blmarc</marc:subfield><marc:subfield code="a">709</marc:subfield><marc:subfield code="b">00</marc:subfield><marc:subfield code="a">ISRAELITES</marc:subfield><marc:subfield code="p">1363.d.6.(6.)</marc:subfield><marc:subfield code="x">1611610257</marc:subfield></marc:datafield></marc:record>