
<marc:record><marc:leader>00758cam a22001693  4500</marc:leader>
<marc:controlfield tag="001">000000926</marc:controlfield>
<marc:controlfield tag="003">Uk</marc:controlfield><marc:controlfield tag="005">20120420175200.0</marc:controlfield><marc:controlfield tag="008">870813|1822|||||||    ||     ||| |||||  </marc:controlfield><marc:datafield tag="040" ind1=" " ind2=" "><marc:subfield code="a">Uk</marc:subfield><marc:subfield code="c">Uk</marc:subfield></marc:datafield><marc:datafield tag="100" ind1="1" ind2=" "><marc:subfield code="a">A., M. F. de.</marc:subfield></marc:datafield><marc:datafield tag="245" ind1="1" ind2="0"><marc:subfield code="a">Auxilio á la Nacion, ó fieles deseos de que nuestra Nacion Mexicana prospere sobre todas las demas del universo. (Copia de una carta [on mines and mining, dated 22 July 1811] escrita al ... Capitan General del Reyno de Goatemala, por Don A. Morejon.-Análisis de las Salinas de Barlovento, etc.) [Signed: M. F. de A.]</marc:subfield></marc:datafield><marc:datafield tag="260" ind1=" " ind2=" "><marc:subfield code="a">México,</marc:subfield><marc:subfield code="c">1822.</marc:subfield></marc:datafield><marc:datafield tag="300" ind1=" " ind2=" "><marc:subfield code="a">8 p. ;</marc:subfield><marc:subfield code="c">4º.</marc:subfield></marc:datafield><marc:datafield tag="710" ind1="1" ind2=" "><marc:subfield code="a">Mexico.</marc:subfield><marc:subfield code="t">Appendix</marc:subfield></marc:datafield><marc:datafield tag="852" ind1="4" ind2="1"><marc:subfield code="a">British Library</marc:subfield><marc:subfield code="b">HMNTS</marc:subfield><marc:subfield code="j">8180.f.31.</marc:subfield></marc:datafield><marc:datafield tag="886" ind1="2" ind2=" "><marc:subfield code="2">blmarc</marc:subfield><marc:subfield code="a">709</marc:subfield><marc:subfield code="b">00</marc:subfield><marc:subfield code="a">MEXICO</marc:subfield><marc:subfield code="t">Appendix</marc:subfield><marc:subfield code="p">8180.f.31.</marc:subfield><marc:subfield code="x">2200590334</marc:subfield></marc:datafield></marc:record>