
<marc:record><marc:leader>01107cam a22002053  4500</marc:leader>
<marc:controlfield tag="001">000000929</marc:controlfield>
<marc:controlfield tag="003">Uk</marc:controlfield><marc:controlfield tag="005">20111222151700.0</marc:controlfield><marc:controlfield tag="008">870813|1875|||||||    ||     ||| |||||  </marc:controlfield><marc:datafield tag="040" ind1=" " ind2=" "><marc:subfield code="a">Uk</marc:subfield><marc:subfield code="c">Uk</marc:subfield></marc:datafield><marc:datafield tag="100" ind1="1" ind2=" "><marc:subfield code="a">A., M. I.</marc:subfield></marc:datafield><marc:datafield tag="245" ind1="1" ind2="0"><marc:subfield code="a">Sir Evelyn's Charge; or, a child's influence. By M. I. A. [i.e. Margaret Isabella Arden.]</marc:subfield></marc:datafield><marc:datafield tag="260" ind1=" " ind2=" "><marc:subfield code="a">London :</marc:subfield><marc:subfield code="b">W. Hunt &amp; Co.,</marc:subfield><marc:subfield code="c">1875.</marc:subfield></marc:datafield><marc:datafield tag="300" ind1=" " ind2=" "><marc:subfield code="a">404 p. ;</marc:subfield><marc:subfield code="c">8º.</marc:subfield></marc:datafield><marc:datafield tag="700" ind1="1" ind2=" "><marc:subfield code="a">ARDEN, Margaret Isabella.</marc:subfield></marc:datafield><marc:datafield tag="775" ind1="0" ind2=" "><marc:subfield code="t">[Sir Evelyn's Charge; or, a child's influence. By M. I. A. [i.e. Margaret Isabella Arden.]]</marc:subfield><marc:subfield code="d">pp. 404. Hodder &amp; Stoughton: London, 1895. 8º.</marc:subfield><marc:subfield code="w">(Uk)MP1.0000000893.1</marc:subfield></marc:datafield><marc:datafield tag="775" ind1="0" ind2=" "><marc:subfield code="t">[Sir Evelyn's Charge; or, a child's influence. By M. I. A. [i.e. Margaret Isabella Arden.]]</marc:subfield><marc:subfield code="d">pp. 404. Hodder &amp; Stoughton: London, 1896. 8º.</marc:subfield><marc:subfield code="w">(Uk)MP1.0000000893.2</marc:subfield></marc:datafield><marc:datafield tag="775" ind1="0" ind2=" "><marc:subfield code="t">[Sir Evelyn's Charge; or, a child's influence. By M. I. A. [i.e. Margaret Isabella Arden.]]</marc:subfield><marc:subfield code="d">pp. 404. Henry Frowde; Hodder &amp; Stoughton: London, 1910. 8º.</marc:subfield><marc:subfield code="w">(Uk)MP1.0000000893.3</marc:subfield></marc:datafield><marc:datafield tag="852" ind1="4" ind2="1"><marc:subfield code="a">British Library</marc:subfield><marc:subfield code="b">HMNTS</marc:subfield><marc:subfield code="j">12803.d.16.</marc:subfield></marc:datafield><marc:datafield tag="886" ind1="2" ind2=" "><marc:subfield code="2">blmarc</marc:subfield><marc:subfield code="a">709</marc:subfield><marc:subfield code="b">00</marc:subfield><marc:subfield code="a">ARDEN</marc:subfield><marc:subfield code="h">Margaret Isabella</marc:subfield><marc:subfield code="p">12803.d.16.</marc:subfield><marc:subfield code="x">0103390251</marc:subfield></marc:datafield></marc:record>