
<marc:record><marc:leader>00472cam a22001453  4500</marc:leader>
<marc:controlfield tag="001">000000949</marc:controlfield>
<marc:controlfield tag="003">Uk</marc:controlfield><marc:controlfield tag="005">20070322093737.0</marc:controlfield><marc:controlfield tag="008">870813|1867|||||||    ||     ||| |||||  </marc:controlfield><marc:datafield tag="040" ind1=" " ind2=" "><marc:subfield code="a">Uk</marc:subfield><marc:subfield code="c">Uk</marc:subfield></marc:datafield><marc:datafield tag="100" ind1="1" ind2=" "><marc:subfield code="a">N. A.</marc:subfield><marc:subfield code="q">(Nils Arfwidsson),</marc:subfield><marc:subfield code="d">1802-1880</marc:subfield></marc:datafield><marc:datafield tag="245" ind1="1" ind2="0"><marc:subfield code="a">Liberté. Egalité. Fraternité. (Frihet. Jemnlikhet. Broderskap.) Ett ord “mellan drabbningarne” af N. A.</marc:subfield></marc:datafield><marc:datafield tag="260" ind1=" " ind2=" "><marc:subfield code="a">Stockholm,</marc:subfield><marc:subfield code="c">1867.</marc:subfield></marc:datafield><marc:datafield tag="300" ind1=" " ind2=" "><marc:subfield code="a">24 p. ;</marc:subfield><marc:subfield code="c">12º.</marc:subfield></marc:datafield><marc:datafield tag="852" ind1="4" ind2="1"><marc:subfield code="a">British Library</marc:subfield><marc:subfield code="b">HMNTS</marc:subfield><marc:subfield code="j">8093.aa.73.(5.)</marc:subfield></marc:datafield></marc:record>