
<marc:record><marc:leader>00591cam a22001573  4500</marc:leader>
<marc:controlfield tag="001">000000950</marc:controlfield>
<marc:controlfield tag="003">Uk</marc:controlfield><marc:controlfield tag="005">20070322093838.0</marc:controlfield><marc:controlfield tag="008">870813|1832|||||||    ||     ||| |||||  </marc:controlfield><marc:datafield tag="040" ind1=" " ind2=" "><marc:subfield code="a">Uk</marc:subfield><marc:subfield code="c">Uk</marc:subfield></marc:datafield><marc:datafield tag="100" ind1="1" ind2=" "><marc:subfield code="a">Ames, N.</marc:subfield><marc:subfield code="q">(Nathaniel),</marc:subfield><marc:subfield code="d">1796-1835.</marc:subfield></marc:datafield><marc:datafield tag="245" ind1="1" ind2="0"><marc:subfield code="a">Nautical Reminiscences. By the author of “A Mariner's Sketches.” [The preface signed: N. A., i.e. Nathaniel Ames.]</marc:subfield></marc:datafield><marc:datafield tag="260" ind1=" " ind2=" "><marc:subfield code="a">Providence :</marc:subfield><marc:subfield code="b">William Marshall,</marc:subfield><marc:subfield code="c">1832.</marc:subfield></marc:datafield><marc:datafield tag="300" ind1=" " ind2=" "><marc:subfield code="a">216 p. ;</marc:subfield><marc:subfield code="c">8º.</marc:subfield></marc:datafield><marc:datafield tag="852" ind1="4" ind2="1"><marc:subfield code="a">British Library</marc:subfield><marc:subfield code="b">HMNTS</marc:subfield><marc:subfield code="j">10880.aaa.33.</marc:subfield></marc:datafield><marc:datafield tag="886" ind1="2" ind2=" "><marc:subfield code="2">blmarc</marc:subfield><marc:subfield code="a">709</marc:subfield><marc:subfield code="b">00</marc:subfield><marc:subfield code="a">AMES</marc:subfield><marc:subfield code="h">Nathaniel</marc:subfield><marc:subfield code="f">of Providence, R.I.</marc:subfield><marc:subfield code="p">10880.aaa.33.</marc:subfield><marc:subfield code="x">0071360239</marc:subfield></marc:datafield></marc:record>