
<marc:record><marc:leader>00600cam a22001573  4500</marc:leader>
<marc:controlfield tag="001">000000959</marc:controlfield>
<marc:controlfield tag="003">Uk</marc:controlfield><marc:controlfield tag="005">20110119131900.0</marc:controlfield><marc:controlfield tag="008">870813|1876|||||||    ||     ||| |||||  </marc:controlfield><marc:datafield tag="040" ind1=" " ind2=" "><marc:subfield code="a">Uk</marc:subfield><marc:subfield code="c">Uk</marc:subfield></marc:datafield><marc:datafield tag="100" ind1="1" ind2=" "><marc:subfield code="a">A., N. O. R.</marc:subfield></marc:datafield><marc:datafield tag="245" ind1="1" ind2="0"><marc:subfield code="a">May Lawton; or, Sunshine clouded. A tale of English life. By N. O. R. A.</marc:subfield></marc:datafield><marc:datafield tag="260" ind1=" " ind2=" "><marc:subfield code="a">Edinburgh :</marc:subfield><marc:subfield code="b">Johnstone, Hunter &amp; Co.,</marc:subfield><marc:subfield code="c">1876 [1875].</marc:subfield></marc:datafield><marc:datafield tag="300" ind1=" " ind2=" "><marc:subfield code="a">111 p. ;</marc:subfield><marc:subfield code="c">8º.</marc:subfield></marc:datafield><marc:datafield tag="775" ind1="0" ind2=" "><marc:subfield code="t">[May Lawton; or, Sunshine clouded. A tale of English life. By N. O. R. A.]</marc:subfield><marc:subfield code="d">pp. 111. Hodder &amp; Stoughton: London, 1886. 8º.</marc:subfield><marc:subfield code="w">(Uk)MP1.0000000924.1</marc:subfield></marc:datafield><marc:datafield tag="852" ind1="4" ind2="1"><marc:subfield code="a">British Library</marc:subfield><marc:subfield code="b">HMNTS</marc:subfield><marc:subfield code="j">12619.aa.42.</marc:subfield></marc:datafield></marc:record>