
<marc:record><marc:leader>01613cam a22001933  4500</marc:leader>
<marc:controlfield tag="001">000000969</marc:controlfield>
<marc:controlfield tag="003">Uk</marc:controlfield><marc:controlfield tag="005">20120302164100.0</marc:controlfield><marc:controlfield tag="008">870813|1835|||||||    ||     ||| |||||  </marc:controlfield><marc:datafield tag="040" ind1=" " ind2=" "><marc:subfield code="a">Uk</marc:subfield><marc:subfield code="c">Uk</marc:subfield></marc:datafield><marc:datafield tag="100" ind1="1" ind2=" "><marc:subfield code="a">A...., P....</marc:subfield></marc:datafield><marc:datafield tag="245" ind1="1" ind2="0"><marc:subfield code="a">Considerazioni sull' opuscolo del conte Dal Pozzo, della felicità che gl' Italiani possono e debbono dal governo Austriaco procacciarsi; e Cenni intorno ad un articolo della Rivista trimestrale straniera. Di P.... A.... [i.e. P. Anichini.] Edizione italiana.</marc:subfield></marc:datafield><marc:datafield tag="260" ind1=" " ind2=" "><marc:subfield code="a">London :</marc:subfield><marc:subfield code="b">T. Hookham,</marc:subfield><marc:subfield code="c">[1835?]</marc:subfield></marc:datafield><marc:datafield tag="300" ind1=" " ind2=" "><marc:subfield code="a">138 p. ;</marc:subfield><marc:subfield code="c">8º.</marc:subfield></marc:datafield><marc:datafield tag="700" ind1="1" ind2=" "><marc:subfield code="a">ANICHINI, P.</marc:subfield></marc:datafield><marc:datafield tag="700" ind1="1" ind2=" "><marc:subfield code="a">POZZO, Ferdinando dal,</marc:subfield><marc:subfield code="c">Count.</marc:subfield><marc:subfield code="t">Du Bonheur que les Italiens peuvent et doivent se procurer du gouvernement autrichien, suivi du plan d'une association pour toute l'Italie, ayant pour objet la diffusion de la pure langue italienne et la suppression ... des dialectes qui se parlent dans les diverses contrées de la péninsule ... Traduit de l'italien, et enrichi d'additions nouvelles concernant Silvio Pellico.</marc:subfield></marc:datafield><marc:datafield tag="852" ind1="4" ind2="1"><marc:subfield code="a">British Library</marc:subfield><marc:subfield code="b">HMNTS</marc:subfield><marc:subfield code="j">1196.c.4.(17.)</marc:subfield></marc:datafield><marc:datafield tag="886" ind1="2" ind2=" "><marc:subfield code="2">blmarc</marc:subfield><marc:subfield code="a">709</marc:subfield><marc:subfield code="b">00</marc:subfield><marc:subfield code="a">ANICHINI</marc:subfield><marc:subfield code="h">P.</marc:subfield><marc:subfield code="p">1196.c.4.(17.)</marc:subfield><marc:subfield code="x">008495003X</marc:subfield></marc:datafield><marc:datafield tag="886" ind1="2" ind2=" "><marc:subfield code="2">blmarc</marc:subfield><marc:subfield code="a">709</marc:subfield><marc:subfield code="b">00</marc:subfield><marc:subfield code="a">POZZO</marc:subfield><marc:subfield code="h">Ferdinando dal</marc:subfield><marc:subfield code="f">Count</marc:subfield><marc:subfield code="t">Du Bonheur que les Italiens peuvent et doivent se procurer du gouvernement autrichien, suivi du plan d'une association pour toute l'Italie, ayant pour objet la diffusion de la pure langue italienne et la suppression ... des dialectes qui se parlent dans les diverses contrées de la péninsule ... Traduit de l'italien, et enrichi d'additions nouvelles concernant Silvio Pellico.</marc:subfield><marc:subfield code="p">1196.c.4.(17.)</marc:subfield><marc:subfield code="x">2642930130</marc:subfield></marc:datafield></marc:record>