
<marc:record><marc:leader>01494cam a22001933  4500</marc:leader>
<marc:controlfield tag="001">000000983</marc:controlfield>
<marc:controlfield tag="003">Uk</marc:controlfield><marc:controlfield tag="005">20120224165900.0</marc:controlfield><marc:controlfield tag="008">001218|1809|||||||    ||    |||| |||||  </marc:controlfield><marc:datafield tag="040" ind1=" " ind2=" "><marc:subfield code="a">Uk</marc:subfield><marc:subfield code="c">Uk</marc:subfield></marc:datafield><marc:datafield tag="100" ind1="0" ind2=" "><marc:subfield code="a">Charles</marc:subfield><marc:subfield code="b">II,</marc:subfield><marc:subfield code="c">King of England,</marc:subfield><marc:subfield code="d">1630-1685</marc:subfield></marc:datafield><marc:datafield tag="240" ind1="1" ind2="0"><marc:subfield code="a">An Account of the Reasons which induced Charles II. King of England to declare War against the States-General of the United Povinces [sic] in 1672.</marc:subfield></marc:datafield><marc:datafield tag="245" ind1="1" ind2="4"><marc:subfield code="a">[An Account of the Private League between K. Charles II. and the French King, to establish Popery in England, Scotland, and Ireland; chiefly taken from the History of the Dutch War [i.e. the &quot;Historia della guerra d'Olanda&quot;, of G. B. Primi Visconti, Count di San Maiole], printed in French at Paris ... in 1682. (By P. A. D.D. [i.e. Pierre Allix?]]</marc:subfield></marc:datafield><marc:datafield tag="250" ind1=" " ind2=" "><marc:subfield code="a">[Another edition.]</marc:subfield></marc:datafield><marc:datafield tag="260" ind1=" " ind2=" "><marc:subfield code="c">1809.</marc:subfield></marc:datafield><marc:datafield tag="580" ind1=" " ind2=" "><marc:subfield code="a">In: Harleian Miscellany. The Harleian Miscellany, etc. vol. 2. 1808, etc. 4º.</marc:subfield></marc:datafield><marc:datafield tag="787" ind1="0" ind2=" "><marc:subfield code="t">An Account of the Private League between K. Charles II. and the French King, to establish Popery in England, Scotland, and Ireland; chiefly taken from the History of the Dutch War [i.e. the “Historia della guerra d'Olanda”, of G. B. Primi Visconti, Count di San Maiole], printed in French at Paris ... in 1682. (By P. A. D.D. [i.e. Pierre Allix?]</marc:subfield><marc:subfield code="n">In: A Collection of State Tracts, etc. vol. 1. Introduction. pp. 31-36. 1705. fol.</marc:subfield><marc:subfield code="w">(Uk)MP1.0000000945</marc:subfield></marc:datafield><marc:datafield tag="852" ind1="4" ind2="1"><marc:subfield code="a">British Library</marc:subfield><marc:subfield code="b">HMNTS</marc:subfield><marc:subfield code="j">RB.31.b.1.(2.)</marc:subfield></marc:datafield><marc:datafield tag="852" ind1="4" ind2="1"><marc:subfield code="a">British Library</marc:subfield><marc:subfield code="b">HMNTS</marc:subfield><marc:subfield code="j">EU 370.113094</marc:subfield><marc:subfield code="3">2004-</marc:subfield></marc:datafield></marc:record>