
<marc:record><marc:leader>01419cam a22002053  4500</marc:leader>
<marc:controlfield tag="001">000000993</marc:controlfield>
<marc:controlfield tag="003">Uk</marc:controlfield><marc:controlfield tag="005">20080424145528.0</marc:controlfield><marc:controlfield tag="008">870813|1812|||||||    ||     ||| |||||  </marc:controlfield><marc:datafield tag="040" ind1=" " ind2=" "><marc:subfield code="a">Uk</marc:subfield><marc:subfield code="c">Uk</marc:subfield></marc:datafield><marc:datafield tag="100" ind1="1" ind2=" "><marc:subfield code="a">Ayres, Philip,</marc:subfield><marc:subfield code="d">1638-1712.</marc:subfield></marc:datafield><marc:datafield tag="245" ind1="1" ind2="3"><marc:subfield code="a">[A Short Account of the Life and Death of Pope Alexander the VII. With a description of his funeral machin ... Together with an exact relation of the particular ceremonies performed at the creation and coronation of ... Clement the IX ... [The account of the coronation signed: Stephano Cavalli.] Translated out of the Italian copies printed at Rome: By P. A., Gent. [i.e. Philip Ayres.]]</marc:subfield></marc:datafield><marc:datafield tag="250" ind1=" " ind2=" "><marc:subfield code="a">[Another edition.]</marc:subfield></marc:datafield><marc:datafield tag="260" ind1=" " ind2=" "><marc:subfield code="c">1812.</marc:subfield></marc:datafield><marc:datafield tag="580" ind1=" " ind2=" "><marc:subfield code="a">In : Somers (J.) Baron Somers. A Collection of ... Tracts, etc. vol. 8. 1809, etc. 4º.</marc:subfield></marc:datafield><marc:datafield tag="600" ind1="0" ind2="0"><marc:subfield code="a">Alexander</marc:subfield><marc:subfield code="b">VII,</marc:subfield><marc:subfield code="c">Pope,</marc:subfield><marc:subfield code="d">1599-1667.</marc:subfield></marc:datafield><marc:datafield tag="600" ind1="0" ind2="0"><marc:subfield code="a">Clement</marc:subfield><marc:subfield code="b">IX,</marc:subfield><marc:subfield code="c">Pope,</marc:subfield><marc:subfield code="d">1600-1669.</marc:subfield></marc:datafield><marc:datafield tag="700" ind1="1" ind2=" "><marc:subfield code="a">Ayres, Philip.</marc:subfield></marc:datafield><marc:datafield tag="787" ind1="0" ind2=" "><marc:subfield code="t">A Short Account of the Life and Death of Pope Alexander the VII. With a description of his funeral machin ... Together with an exact relation of the particular ceremonies performed at the creation and coronation of ... Clement the IX ... [The account of the coronation signed: Stephano Cavalli.] Translated out of the Italian copies printed at Rome: By P. A., Gent. [i.e. Philip Ayres.]</marc:subfield><marc:subfield code="w">(Uk)MP1.0000000951</marc:subfield><marc:subfield code="d">pp. 28. Moses Pitt: London, 1667. 4º.</marc:subfield></marc:datafield><marc:datafield tag="852" ind1="4" ind2="1"><marc:subfield code="a">British Library</marc:subfield><marc:subfield code="b">HMNTS</marc:subfield><marc:subfield code="j">750.g.8.</marc:subfield></marc:datafield></marc:record>