
<marc:record><marc:leader>00746cam a22001693  4500</marc:leader>
<marc:controlfield tag="001">000001001</marc:controlfield>
<marc:controlfield tag="003">Uk</marc:controlfield><marc:controlfield tag="005">20120120152500.0</marc:controlfield><marc:controlfield tag="008">870813|1865|||||||    ||     ||| |||||  </marc:controlfield><marc:datafield tag="040" ind1=" " ind2=" "><marc:subfield code="a">Uk</marc:subfield><marc:subfield code="c">Uk</marc:subfield></marc:datafield><marc:datafield tag="100" ind1="1" ind2=" "><marc:subfield code="a">A., P. A. D.,</marc:subfield><marc:subfield code="c">Professeur de Philosophie.</marc:subfield></marc:datafield><marc:datafield tag="245" ind1="1" ind2="0"><marc:subfield code="a">Les Erreurs du XIXe siècle; ou, le Rationalisme moderne condamné par le sens commun, l'histoire ... [Being a reply to J. E. Renan's “Vie de Jésus.”] Par P. A. D. A., Professeur de Philosophie.</marc:subfield></marc:datafield><marc:datafield tag="260" ind1=" " ind2=" "><marc:subfield code="a">Paris,</marc:subfield><marc:subfield code="c">1865.</marc:subfield></marc:datafield><marc:datafield tag="300" ind1=" " ind2=" "><marc:subfield code="a">xviii, 581 p. ;</marc:subfield><marc:subfield code="c">8º.</marc:subfield></marc:datafield><marc:datafield tag="700" ind1="1" ind2=" "><marc:subfield code="a">Renan, Ernest,</marc:subfield><marc:subfield code="d">1823-1892.</marc:subfield><marc:subfield code="t">Single Works. Vie de Jésus.</marc:subfield></marc:datafield><marc:datafield tag="852" ind1="4" ind2="1"><marc:subfield code="a">British Library</marc:subfield><marc:subfield code="b">HMNTS</marc:subfield><marc:subfield code="j">4016.bb.1.</marc:subfield></marc:datafield><marc:datafield tag="886" ind1="2" ind2=" "><marc:subfield code="2">blmarc</marc:subfield><marc:subfield code="a">709</marc:subfield><marc:subfield code="b">00</marc:subfield><marc:subfield code="a">RENAN</marc:subfield><marc:subfield code="h">Joseph Ernest</marc:subfield><marc:subfield code="t">Single Works</marc:subfield><marc:subfield code="t">Vie de Jésus</marc:subfield><marc:subfield code="p">4016.bb.1.</marc:subfield><marc:subfield code="x">2732610216</marc:subfield></marc:datafield></marc:record>