
<marc:record><marc:leader>00712cam a22001693  4500</marc:leader>
<marc:controlfield tag="001">000001003</marc:controlfield>
<marc:controlfield tag="003">Uk</marc:controlfield><marc:controlfield tag="005">20111222151700.0</marc:controlfield><marc:controlfield tag="008">870813|1847|||||||    ||     ||| |||||  </marc:controlfield><marc:datafield tag="040" ind1=" " ind2=" "><marc:subfield code="a">Uk</marc:subfield><marc:subfield code="c">Uk</marc:subfield></marc:datafield><marc:datafield tag="100" ind1="1" ind2=" "><marc:subfield code="a">A., P. C.</marc:subfield></marc:datafield><marc:datafield tag="245" ind1="1" ind2="0"><marc:subfield code="a">Nazione e Civiltà in risposta al P. Taparelli d'Azeglio. [Signed: P. C. A.] Estratto dal Fanfulla, etc.</marc:subfield></marc:datafield><marc:datafield tag="260" ind1=" " ind2=" "><marc:subfield code="a">Roma,</marc:subfield><marc:subfield code="c">[1847]</marc:subfield></marc:datafield><marc:datafield tag="300" ind1=" " ind2=" "><marc:subfield code="a">16 p. ;</marc:subfield><marc:subfield code="c">16º.</marc:subfield></marc:datafield><marc:datafield tag="700" ind1="1" ind2=" "><marc:subfield code="a">TAPPARELLI D'AZEGLIO, Luigi.</marc:subfield><marc:subfield code="t">La Preghiera Cattolica considerata in ordine alla civiltà de'popoli, etc.</marc:subfield></marc:datafield><marc:datafield tag="852" ind1="4" ind2="1"><marc:subfield code="a">British Library</marc:subfield><marc:subfield code="b">HMNTS</marc:subfield><marc:subfield code="j">8032.b.48.</marc:subfield></marc:datafield><marc:datafield tag="886" ind1="2" ind2=" "><marc:subfield code="2">blmarc</marc:subfield><marc:subfield code="a">709</marc:subfield><marc:subfield code="b">00</marc:subfield><marc:subfield code="a">TAPPARELLI D'AZEGLIO</marc:subfield><marc:subfield code="h">Luigi</marc:subfield><marc:subfield code="t">La Preghiera Cattolica considerata in ordine alla civiltà de'popoli, etc.</marc:subfield><marc:subfield code="p">8032.b.48.</marc:subfield><marc:subfield code="x">320457024X</marc:subfield></marc:datafield></marc:record>