
<marc:record><marc:leader>00899cam a22001933  4500</marc:leader>
<marc:controlfield tag="001">000001012</marc:controlfield>
<marc:controlfield tag="003">Uk</marc:controlfield><marc:controlfield tag="005">20121115180900.0</marc:controlfield><marc:controlfield tag="008">870813|1808|||||||    ||     ||| |||||  </marc:controlfield><marc:datafield tag="040" ind1=" " ind2=" "><marc:subfield code="a">Uk</marc:subfield><marc:subfield code="c">Uk</marc:subfield></marc:datafield><marc:datafield tag="100" ind1="1" ind2=" "><marc:subfield code="a">A., P. J. D. B. Y.</marc:subfield></marc:datafield><marc:datafield tag="245" ind1="1" ind2="0"><marc:subfield code="a">Noticias de Logroño y trabajos del Rey de Copas [i.e. Joseph Bonaparte] en sus aventuras. [Signed: P.J.D.B.Y.A. Followed by “Extracto de la Gazeta ministerial de Sevilla”, 27 Sept. 1808.]</marc:subfield></marc:datafield><marc:datafield tag="260" ind1=" " ind2=" "><marc:subfield code="a">Reimpreso en Buenos-Ayres :</marc:subfield><marc:subfield code="b">Imprenta de Niños Expósitos,</marc:subfield><marc:subfield code="c">[1808]</marc:subfield></marc:datafield><marc:datafield tag="300" ind1=" " ind2=" "><marc:subfield code="c">4º.</marc:subfield></marc:datafield><marc:datafield tag="720" ind1=" " ind2=" "><marc:subfield code="a">Joseph Bonaparte,</marc:subfield><marc:subfield code="c">King of Spain,</marc:subfield><marc:subfield code="d">1768-1844.</marc:subfield></marc:datafield><marc:datafield tag="720" ind1=" " ind2=" "><marc:subfield code="a">LOGRON̂O</marc:subfield></marc:datafield><marc:datafield tag="852" ind1="4" ind2="1"><marc:subfield code="a">British Library</marc:subfield><marc:subfield code="b">HMNTS</marc:subfield><marc:subfield code="j">Cup.405.c.1.(16.)</marc:subfield></marc:datafield><marc:datafield tag="886" ind1="2" ind2=" "><marc:subfield code="2">blmarc</marc:subfield><marc:subfield code="a">709</marc:subfield><marc:subfield code="b">00</marc:subfield><marc:subfield code="a">JOSEPH [Bonaparte], successively King of Naples, and of Spain, afterwards Count de Survilliers</marc:subfield><marc:subfield code="p">Cup.405.c.1.(16.)</marc:subfield><marc:subfield code="x">1683360192</marc:subfield></marc:datafield><marc:datafield tag="886" ind1="2" ind2=" "><marc:subfield code="2">blmarc</marc:subfield><marc:subfield code="a">709</marc:subfield><marc:subfield code="b">00</marc:subfield><marc:subfield code="a">LOGRON̂O</marc:subfield><marc:subfield code="p">Cup.405.c.1.(16.)</marc:subfield><marc:subfield code="x">1963470087</marc:subfield></marc:datafield></marc:record>