
<marc:record><marc:leader>00579cam a22001693  4500</marc:leader>
<marc:controlfield tag="001">000001016</marc:controlfield>
<marc:controlfield tag="003">Uk</marc:controlfield><marc:controlfield tag="005">20070702101906.0</marc:controlfield><marc:controlfield tag="008">870813|1869|||||||    ||     ||| |||||  </marc:controlfield><marc:datafield tag="040" ind1=" " ind2=" "><marc:subfield code="a">Uk</marc:subfield><marc:subfield code="c">Uk</marc:subfield></marc:datafield><marc:datafield tag="100" ind1="1" ind2=" "><marc:subfield code="a">A., P. L. S.</marc:subfield></marc:datafield><marc:datafield tag="245" ind1="1" ind2="0"><marc:subfield code="a">Impossibilità di una convenzione tra il Romano Pontefice [Pius IX] egli usurpatori de' suoi diritti. 2a edizione, ampliata dall' autore P. L. S. A. e tradotta da A. C. D. P.</marc:subfield></marc:datafield><marc:datafield tag="260" ind1=" " ind2=" "><marc:subfield code="a">Roma,</marc:subfield><marc:subfield code="c">1869.</marc:subfield></marc:datafield><marc:datafield tag="300" ind1=" " ind2=" "><marc:subfield code="a">24 p. ;</marc:subfield><marc:subfield code="c">12º.</marc:subfield></marc:datafield><marc:datafield tag="600" ind1="0" ind2="0"><marc:subfield code="a">Pius</marc:subfield><marc:subfield code="b">IX,</marc:subfield><marc:subfield code="c">Pope,</marc:subfield><marc:subfield code="d">1792-1878.</marc:subfield></marc:datafield><marc:datafield tag="700" ind1="1" ind2=" "><marc:subfield code="a">P., A. C. D.</marc:subfield></marc:datafield><marc:datafield tag="852" ind1="4" ind2="1"><marc:subfield code="a">British Library</marc:subfield><marc:subfield code="b">HMNTS</marc:subfield><marc:subfield code="j">8033.aa.52.(6.)</marc:subfield></marc:datafield></marc:record>