
<marc:record><marc:leader>00423cam a22001453  4500</marc:leader>
<marc:controlfield tag="001">000001022</marc:controlfield>
<marc:controlfield tag="003">Uk</marc:controlfield><marc:controlfield tag="005">20120511180400.0</marc:controlfield><marc:controlfield tag="008">870813|1861|||||||    ||     ||| |||||  </marc:controlfield><marc:datafield tag="040" ind1=" " ind2=" "><marc:subfield code="a">Uk</marc:subfield><marc:subfield code="c">Uk</marc:subfield></marc:datafield><marc:datafield tag="100" ind1="1" ind2=" "><marc:subfield code="a">A...., Q. T. H.,</marc:subfield><marc:subfield code="c">Oxon.</marc:subfield></marc:datafield><marc:datafield tag="245" ind1="1" ind2="2"><marc:subfield code="a">A Few Words on Divine Service. By Q. T. H. A...., Oxon.</marc:subfield></marc:datafield><marc:datafield tag="260" ind1=" " ind2=" "><marc:subfield code="a">Oxford ;</marc:subfield><marc:subfield code="a">London :</marc:subfield><marc:subfield code="b">J. H. &amp; J. Parker,</marc:subfield><marc:subfield code="c">1861.</marc:subfield></marc:datafield><marc:datafield tag="300" ind1=" " ind2=" "><marc:subfield code="a">16 p. ;</marc:subfield><marc:subfield code="c">8º.</marc:subfield></marc:datafield><marc:datafield tag="852" ind1="4" ind2="1"><marc:subfield code="a">British Library</marc:subfield><marc:subfield code="b">HMNTS</marc:subfield><marc:subfield code="j">4108.b.16.</marc:subfield></marc:datafield></marc:record>