
<marc:record><marc:leader>01608cam a22002293  4500</marc:leader>
<marc:controlfield tag="001">000001029</marc:controlfield>
<marc:controlfield tag="003">Uk</marc:controlfield><marc:controlfield tag="005">20120120152500.0</marc:controlfield><marc:controlfield tag="008">980506|1867|||||||    ||     ||| |||||  </marc:controlfield><marc:datafield tag="040" ind1=" " ind2=" "><marc:subfield code="a">Uk</marc:subfield><marc:subfield code="c">Uk</marc:subfield></marc:datafield><marc:datafield tag="100" ind1="1" ind2=" "><marc:subfield code="a">A., R.</marc:subfield></marc:datafield><marc:datafield tag="245" ind1="1" ind2="0"><marc:subfield code="a">[Englands Parnassus: or The choysest Flowers of our Moderne Poets, with their Poeticall comparisons. Descriptions of bewties, personages, castles, pallaces, mountaines, groues, seas, springs, riuers, &amp;c. Whereunto are annexed other various discourses, both pleasaunt and profitable. [The dedication and the address to the reader signed: R. A., i.e. Robert Allott.]]</marc:subfield></marc:datafield><marc:datafield tag="250" ind1=" " ind2=" "><marc:subfield code="a">[Another edition.]</marc:subfield></marc:datafield><marc:datafield tag="260" ind1=" " ind2=" "><marc:subfield code="a">London,</marc:subfield><marc:subfield code="c">1867.</marc:subfield></marc:datafield><marc:datafield tag="300" ind1=" " ind2=" "><marc:subfield code="a">ii, 586 p. ;</marc:subfield><marc:subfield code="c">4º.</marc:subfield></marc:datafield><marc:datafield tag="490" ind1="0" ind2=" "><marc:subfield code="a">[Collier (J. P.) Seven English Poetical Miscellanies. pt. 6.]</marc:subfield></marc:datafield><marc:datafield tag="700" ind1="1" ind2=" "><marc:subfield code="a">ALLOTT, Robert.</marc:subfield></marc:datafield><marc:datafield tag="710" ind1="1" ind2=" "><marc:subfield code="a">England.</marc:subfield><marc:subfield code="t">Appendix. Literature, Science and Art</marc:subfield></marc:datafield><marc:datafield tag="787" ind1="0" ind2=" "><marc:subfield code="t">Englands Parnassus: or The choysest Flowers of our Moderne Poets, with their Poeticall comparisons. Descriptions of bewties, personages, castles, pallaces, mountaines, groues, seas, springs, riuers, &amp;c. Whereunto are annexed other various discourses, both pleasaunt and profitable. [The dedication and the address to the reader signed: R. A., i.e. Robert Allott.]</marc:subfield><marc:subfield code="d">pp. 494 [510]. For N. L. [N. Ling] C. B. [C. Burke] &amp; T. H. [T. Hayes]: London, 1600. 8º.</marc:subfield><marc:subfield code="w">(Uk)MP1.0000000986</marc:subfield></marc:datafield><marc:datafield tag="852" ind1="4" ind2="1"><marc:subfield code="a">British Library</marc:subfield><marc:subfield code="b">HMNTS</marc:subfield><marc:subfield code="j">2326.c.7.</marc:subfield></marc:datafield><marc:datafield tag="886" ind1="2" ind2=" "><marc:subfield code="2">blmarc</marc:subfield><marc:subfield code="a">709</marc:subfield><marc:subfield code="b">00</marc:subfield><marc:subfield code="a">ALLOTT</marc:subfield><marc:subfield code="h">Robert</marc:subfield><marc:subfield code="p">C.39.b.6.</marc:subfield><marc:subfield code="x">0060890193</marc:subfield><marc:subfield code="p">2326.c.7.</marc:subfield><marc:subfield code="x">0060890215</marc:subfield></marc:datafield><marc:datafield tag="886" ind1="2" ind2=" "><marc:subfield code="2">blmarc</marc:subfield><marc:subfield code="a">709</marc:subfield><marc:subfield code="b">00</marc:subfield><marc:subfield code="a">ENGLAND</marc:subfield><marc:subfield code="t">Appendix</marc:subfield><marc:subfield code="t">Literature, Science and Art</marc:subfield><marc:subfield code="p">C.39.b.6.</marc:subfield><marc:subfield code="p">77.k.12.</marc:subfield><marc:subfield code="p">2326.c.7.</marc:subfield><marc:subfield code="x">1004450079</marc:subfield></marc:datafield></marc:record>