
<marc:record><marc:leader>01115cam a22001693  4500</marc:leader>
<marc:controlfield tag="001">000001034</marc:controlfield>
<marc:controlfield tag="003">Uk</marc:controlfield><marc:controlfield tag="005">20111222151700.0</marc:controlfield><marc:controlfield tag="008">870813|1871|||||||    ||     ||| |||||  </marc:controlfield><marc:datafield tag="040" ind1=" " ind2=" "><marc:subfield code="a">Uk</marc:subfield><marc:subfield code="c">Uk</marc:subfield></marc:datafield><marc:datafield tag="100" ind1="1" ind2=" "><marc:subfield code="a">A., R.</marc:subfield></marc:datafield><marc:datafield tag="245" ind1="1" ind2="0"><marc:subfield code="a">Joint High Commission at Washington. Claims of British subjects. The case of the Confederate cotton bondholders stronger ... than any claim arising out of alleged injuries sustained through the Alabama, etc. [Signed: R. A.]</marc:subfield></marc:datafield><marc:datafield tag="260" ind1=" " ind2=" "><marc:subfield code="a">London :</marc:subfield><marc:subfield code="b">Pottle &amp; Son,</marc:subfield><marc:subfield code="c">1871.</marc:subfield></marc:datafield><marc:datafield tag="300" ind1=" " ind2=" "><marc:subfield code="a">18 p. ;</marc:subfield><marc:subfield code="c">8º.</marc:subfield></marc:datafield><marc:datafield tag="710" ind1="1" ind2=" "><marc:subfield code="a">England.</marc:subfield><marc:subfield code="t">Treaties, etc.. II. Chronological Series. Victoria. [1837-1901.]. The Convention of Washington contrived for the Destruction, not the Reconciliation, of Great Britain and the United States. [A petition addressed to Queen Victoria.]</marc:subfield></marc:datafield><marc:datafield tag="852" ind1="4" ind2="1"><marc:subfield code="a">British Library</marc:subfield><marc:subfield code="b">HMNTS</marc:subfield><marc:subfield code="j">D-6955.b.2.</marc:subfield></marc:datafield><marc:datafield tag="886" ind1="2" ind2=" "><marc:subfield code="2">blmarc</marc:subfield><marc:subfield code="a">709</marc:subfield><marc:subfield code="b">00</marc:subfield><marc:subfield code="a">ENGLAND</marc:subfield><marc:subfield code="t">Treaties, etc.</marc:subfield><marc:subfield code="t">II. Chronological Series</marc:subfield><marc:subfield code="t">Victoria. [1837-1901.]</marc:subfield><marc:subfield code="t">The Convention of Washington contrived for the Destruction, not the Reconciliation, of Great Britain and the United States. [A petition addressed to Queen Victoria.]</marc:subfield><marc:subfield code="p">6955.b.2.</marc:subfield><marc:subfield code="x">0953380203</marc:subfield></marc:datafield></marc:record>