
<marc:record><marc:leader>00741cam a22001693  4500</marc:leader>
<marc:controlfield tag="001">000001043</marc:controlfield>
<marc:controlfield tag="003">Uk</marc:controlfield><marc:controlfield tag="005">20120302164100.0</marc:controlfield><marc:controlfield tag="008">950315|1815|||||||    ||     ||| |||||  </marc:controlfield><marc:datafield tag="040" ind1=" " ind2=" "><marc:subfield code="a">Uk</marc:subfield><marc:subfield code="c">Uk</marc:subfield></marc:datafield><marc:datafield tag="100" ind1="1" ind2=" "><marc:subfield code="a">A., R.</marc:subfield></marc:datafield><marc:datafield tag="245" ind1="1" ind2="5"><marc:subfield code="a">[The World Conquered, or, a Believer's victory over the world. Laid open in several sermons on 1 John v. 4. By R. A. [i.e. Richard Alleine.]]</marc:subfield></marc:datafield><marc:datafield tag="250" ind1=" " ind2=" "><marc:subfield code="a">A new edition abridged and corrected.</marc:subfield></marc:datafield><marc:datafield tag="260" ind1=" " ind2=" "><marc:subfield code="a">London :</marc:subfield><marc:subfield code="b">Thomas Blanshard,</marc:subfield><marc:subfield code="c">1815.</marc:subfield></marc:datafield><marc:datafield tag="300" ind1=" " ind2=" "><marc:subfield code="a">184 p. ;</marc:subfield><marc:subfield code="c">12º.</marc:subfield></marc:datafield><marc:datafield tag="787" ind1="0" ind2=" "><marc:subfield code="t">The World Conquered, or, a Believer's victory over the world. Laid open in several sermons on 1 John v. 4. By R. A. [i.e. Richard Alleine.]</marc:subfield><marc:subfield code="d">pp. 314. London, 1668. 8º.</marc:subfield><marc:subfield code="w">(Uk)MP1.0000000997</marc:subfield></marc:datafield><marc:datafield tag="852" ind1="4" ind2="1"><marc:subfield code="a">British Library</marc:subfield><marc:subfield code="b">HMNTS</marc:subfield><marc:subfield code="j">4411.a.5.</marc:subfield></marc:datafield></marc:record>