
<marc:record><marc:leader>00987cam a22001813  4500</marc:leader>
<marc:controlfield tag="001">000001052</marc:controlfield>
<marc:controlfield tag="003">Uk</marc:controlfield><marc:controlfield tag="005">20110119131900.0</marc:controlfield><marc:controlfield tag="008">950403|1847|||||||    ||     ||| |||||  </marc:controlfield><marc:datafield tag="040" ind1=" " ind2=" "><marc:subfield code="a">Uk</marc:subfield><marc:subfield code="c">Uk</marc:subfield></marc:datafield><marc:datafield tag="100" ind1="1" ind2=" "><marc:subfield code="a">A., R.</marc:subfield></marc:datafield><marc:datafield tag="245" ind1="1" ind2="3"><marc:subfield code="a">[A Wife, not ready made, but bespoken, by Dicus the batchelor, and made up for him by his fellow shepheard Tityrus. In four pastorall eglogues. [The dedication signed: R. A., i.e. Robert Aylett.] The second edition, etc.]</marc:subfield></marc:datafield><marc:datafield tag="250" ind1=" " ind2=" "><marc:subfield code="a">[Another edition.] With an Appendix.</marc:subfield></marc:datafield><marc:datafield tag="260" ind1=" " ind2=" "><marc:subfield code="a">Great Totham :</marc:subfield><marc:subfield code="b">C. Clark’s Private Press,</marc:subfield><marc:subfield code="c">1847.</marc:subfield></marc:datafield><marc:datafield tag="300" ind1=" " ind2=" "><marc:subfield code="a">ff. 18 ;</marc:subfield><marc:subfield code="c">4º.</marc:subfield></marc:datafield><marc:datafield tag="500" ind1=" " ind2=" "><marc:subfield code="a">Printed on one side of the leaf only.</marc:subfield></marc:datafield><marc:datafield tag="787" ind1="0" ind2=" "><marc:subfield code="t">A Wife, not ready made, but bespoken, by Dicus the batchelor, and made up for him by his fellow shepheard Tityrus. In four pastorall eglogues. [The dedication signed: R. A., i.e. Robert Aylett.] The second edition, etc.</marc:subfield><marc:subfield code="d">pp. 26. For A. R.: London, 1653. 8º.</marc:subfield><marc:subfield code="w">(Uk)MP1.0000001001</marc:subfield></marc:datafield><marc:datafield tag="852" ind1="4" ind2="1"><marc:subfield code="a">British Library</marc:subfield><marc:subfield code="b">HMNTS</marc:subfield><marc:subfield code="j">11643.bbb.20.(7.)</marc:subfield></marc:datafield></marc:record>