
<marc:record><marc:leader>00761cam a22001933  4500</marc:leader>
<marc:controlfield tag="001">000001087</marc:controlfield>
<marc:controlfield tag="003">Uk</marc:controlfield><marc:controlfield tag="005">20130708175200.0</marc:controlfield><marc:controlfield tag="008">870813|1882||||ie     ||     ||| |||||  </marc:controlfield><marc:datafield tag="040" ind1=" " ind2=" "><marc:subfield code="a">Uk</marc:subfield><marc:subfield code="c">Uk</marc:subfield></marc:datafield><marc:datafield tag="100" ind1="1" ind2=" "><marc:subfield code="a">A., S.</marc:subfield></marc:datafield><marc:datafield tag="245" ind1="1" ind2="0"><marc:subfield code="a">Arts and Industries in Ireland: I. John Henry Folly, R.A. ... II. Irish Wool and Woollens ... By S. A. [Reprinted from “The Irish Monthly.”]</marc:subfield></marc:datafield><marc:datafield tag="260" ind1=" " ind2=" "><marc:subfield code="a">Dublin :</marc:subfield><marc:subfield code="b">M. H. Gill &amp; Son,</marc:subfield><marc:subfield code="c">1882.</marc:subfield></marc:datafield><marc:datafield tag="300" ind1=" " ind2=" "><marc:subfield code="a">104 p. ;</marc:subfield><marc:subfield code="c">8º.</marc:subfield></marc:datafield><marc:datafield tag="700" ind1="1" ind2=" "><marc:subfield code="a">FOLEY, John Henry,</marc:subfield><marc:subfield code="c">R.A.</marc:subfield></marc:datafield><marc:datafield tag="710" ind1="1" ind2=" "><marc:subfield code="a">Ireland.</marc:subfield><marc:subfield code="t">Appendix. II. Miscellaneous</marc:subfield></marc:datafield><marc:datafield tag="852" ind1="4" ind2="1"><marc:subfield code="a">British Library</marc:subfield><marc:subfield code="b">HMNTS</marc:subfield><marc:subfield code="j">010854.f.56.</marc:subfield></marc:datafield><marc:datafield tag="886" ind1="2" ind2=" "><marc:subfield code="2">blmarc</marc:subfield><marc:subfield code="a">709</marc:subfield><marc:subfield code="b">00</marc:subfield><marc:subfield code="a">FOLEY</marc:subfield><marc:subfield code="h">John Henry</marc:subfield><marc:subfield code="f">R.A.</marc:subfield><marc:subfield code="p">010854.f.56.</marc:subfield><marc:subfield code="x">1110390297</marc:subfield></marc:datafield><marc:datafield tag="886" ind1="2" ind2=" "><marc:subfield code="2">blmarc</marc:subfield><marc:subfield code="a">709</marc:subfield><marc:subfield code="b">00</marc:subfield><marc:subfield code="a">IRELAND</marc:subfield><marc:subfield code="t">Appendix</marc:subfield><marc:subfield code="t">II. Miscellaneous</marc:subfield><marc:subfield code="p">010854.f.56.</marc:subfield><marc:subfield code="x">1603240292</marc:subfield></marc:datafield></marc:record>