
<marc:record><marc:leader>00726cam a22001693  4500</marc:leader>
<marc:controlfield tag="001">000001092</marc:controlfield>
<marc:controlfield tag="003">Uk</marc:controlfield><marc:controlfield tag="005">20110119131900.0</marc:controlfield><marc:controlfield tag="008">870813|1860|||||||    ||     ||| |||||  </marc:controlfield><marc:datafield tag="040" ind1=" " ind2=" "><marc:subfield code="a">Uk</marc:subfield><marc:subfield code="c">Uk</marc:subfield></marc:datafield><marc:datafield tag="100" ind1="1" ind2=" "><marc:subfield code="a">A., S.</marc:subfield></marc:datafield><marc:datafield tag="245" ind1="1" ind2="0"><marc:subfield code="a">Ὁ Ἑλληνικος ἀγων· ἠτοι συντομος και ἀκριβης ἐξιστορησις ... ἀπ ̓ἀρχης μεχρι τελους του ὑπερ αὐτονομιας ἀγωνος ... ὑπο Σ. Α., etc.</marc:subfield></marc:datafield><marc:datafield tag="260" ind1=" " ind2=" "><marc:subfield code="a">pp. 99. ἐν Ἀθηναις, 1860.</marc:subfield></marc:datafield><marc:datafield tag="300" ind1=" " ind2=" "><marc:subfield code="a">8º.</marc:subfield></marc:datafield><marc:datafield tag="710" ind1="1" ind2=" "><marc:subfield code="a">Greece.</marc:subfield><marc:subfield code="t">Appendix. Historical</marc:subfield></marc:datafield><marc:datafield tag="852" ind1="4" ind2="1"><marc:subfield code="a">British Library</marc:subfield><marc:subfield code="b">HMNTS</marc:subfield><marc:subfield code="j">8028.bb.69.(1.).</marc:subfield></marc:datafield><marc:datafield tag="886" ind1="2" ind2=" "><marc:subfield code="2">blmarc</marc:subfield><marc:subfield code="a">709</marc:subfield><marc:subfield code="b">00</marc:subfield><marc:subfield code="a">GREECE</marc:subfield><marc:subfield code="t">Appendix</marc:subfield><marc:subfield code="t">Historical</marc:subfield><marc:subfield code="p">8028.bb.69.(1.)</marc:subfield><marc:subfield code="x">1312860219</marc:subfield></marc:datafield></marc:record>