
<marc:record><marc:leader>00737cam a22001933  4500</marc:leader>
<marc:controlfield tag="001">000001094</marc:controlfield>
<marc:controlfield tag="003">Uk</marc:controlfield><marc:controlfield tag="005">20130708175200.0</marc:controlfield><marc:controlfield tag="008">870813|1879||||ie     ||     ||| |||||  </marc:controlfield><marc:datafield tag="040" ind1=" " ind2=" "><marc:subfield code="a">Uk</marc:subfield><marc:subfield code="c">Uk</marc:subfield></marc:datafield><marc:datafield tag="100" ind1="1" ind2=" "><marc:subfield code="a">A., S.</marc:subfield></marc:datafield><marc:datafield tag="245" ind1="1" ind2="0"><marc:subfield code="a">Mary Aikenhead: her life, her work, and her friends ... By S. A. [i.e. Sarah Atkinson.] ... With portraits.</marc:subfield></marc:datafield><marc:datafield tag="260" ind1=" " ind2=" "><marc:subfield code="a">Dublin :</marc:subfield><marc:subfield code="b">M. H. Gill &amp; Son,</marc:subfield><marc:subfield code="c">1879.</marc:subfield></marc:datafield><marc:datafield tag="300" ind1=" " ind2=" "><marc:subfield code="a">vi, 512 p. ;</marc:subfield><marc:subfield code="c">8º.</marc:subfield></marc:datafield><marc:datafield tag="700" ind1="1" ind2=" "><marc:subfield code="a">Aikenhead, Mary,</marc:subfield><marc:subfield code="d">1787-1858.</marc:subfield></marc:datafield><marc:datafield tag="700" ind1="1" ind2=" "><marc:subfield code="a">ATKINSON, Sarah,</marc:subfield><marc:subfield code="c">Biographer of Mary Aikenhead.</marc:subfield></marc:datafield><marc:datafield tag="852" ind1="4" ind2="1"><marc:subfield code="a">British Library</marc:subfield><marc:subfield code="b">HMNTS</marc:subfield><marc:subfield code="j">4955.i.10.</marc:subfield></marc:datafield><marc:datafield tag="886" ind1="2" ind2=" "><marc:subfield code="2">blmarc</marc:subfield><marc:subfield code="a">709</marc:subfield><marc:subfield code="b">00</marc:subfield><marc:subfield code="a">AIKENHEAD</marc:subfield><marc:subfield code="h">Mary</marc:subfield><marc:subfield code="p">4955.i.10.</marc:subfield><marc:subfield code="x">0034920188</marc:subfield></marc:datafield><marc:datafield tag="886" ind1="2" ind2=" "><marc:subfield code="2">blmarc</marc:subfield><marc:subfield code="a">709</marc:subfield><marc:subfield code="b">00</marc:subfield><marc:subfield code="a">ATKINSON</marc:subfield><marc:subfield code="h">Sarah</marc:subfield><marc:subfield code="f">Biographer of Mary Aikenhead</marc:subfield><marc:subfield code="p">4955.i.10.</marc:subfield><marc:subfield code="x">0132210304</marc:subfield></marc:datafield></marc:record>