
<marc:record><marc:leader>00844cam a22001933  4500</marc:leader>
<marc:controlfield tag="001">000001095</marc:controlfield>
<marc:controlfield tag="003">Uk</marc:controlfield><marc:controlfield tag="005">20120203162600.0</marc:controlfield><marc:controlfield tag="008">870813|1882|||||||    ||     ||| |||||  </marc:controlfield><marc:datafield tag="040" ind1=" " ind2=" "><marc:subfield code="a">Uk</marc:subfield><marc:subfield code="c">Uk</marc:subfield></marc:datafield><marc:datafield tag="100" ind1="1" ind2=" "><marc:subfield code="a">A., S.</marc:subfield></marc:datafield><marc:datafield tag="245" ind1="1" ind2="0"><marc:subfield code="a">Mary Aikenhead: her life, her work, and her friends. Giving a history of the foundation of the Congregation of the Irish Sisters of Charity. By S. A. [i.e. Sarah Atkinson.] ... With a portrait. Second edition, revised.</marc:subfield></marc:datafield><marc:datafield tag="260" ind1=" " ind2=" "><marc:subfield code="a">Dublin :</marc:subfield><marc:subfield code="b">Gill &amp; Son,</marc:subfield><marc:subfield code="c">1882.</marc:subfield></marc:datafield><marc:datafield tag="300" ind1=" " ind2=" "><marc:subfield code="a">x, 572 p. ;</marc:subfield><marc:subfield code="c">8º.</marc:subfield></marc:datafield><marc:datafield tag="700" ind1="1" ind2=" "><marc:subfield code="a">Aikenhead, Mary,</marc:subfield><marc:subfield code="d">1787-1858.</marc:subfield></marc:datafield><marc:datafield tag="700" ind1="1" ind2=" "><marc:subfield code="a">ATKINSON, Sarah,</marc:subfield><marc:subfield code="c">Biographer of Mary Aikenhead.</marc:subfield></marc:datafield><marc:datafield tag="852" ind1="4" ind2="1"><marc:subfield code="a">British Library</marc:subfield><marc:subfield code="b">HMNTS</marc:subfield><marc:subfield code="j">4956.bbb.4.</marc:subfield></marc:datafield><marc:datafield tag="886" ind1="2" ind2=" "><marc:subfield code="2">blmarc</marc:subfield><marc:subfield code="a">709</marc:subfield><marc:subfield code="b">00</marc:subfield><marc:subfield code="a">AIKENHEAD</marc:subfield><marc:subfield code="h">Mary</marc:subfield><marc:subfield code="p">4956.bbb.4.</marc:subfield><marc:subfield code="x">0034920196</marc:subfield></marc:datafield><marc:datafield tag="886" ind1="2" ind2=" "><marc:subfield code="2">blmarc</marc:subfield><marc:subfield code="a">709</marc:subfield><marc:subfield code="b">00</marc:subfield><marc:subfield code="a">ATKINSON</marc:subfield><marc:subfield code="h">Sarah</marc:subfield><marc:subfield code="f">Biographer of Mary Aikenhead</marc:subfield><marc:subfield code="p">4956.bbb.4.</marc:subfield><marc:subfield code="x">0132210312</marc:subfield></marc:datafield></marc:record>