
<marc:record><marc:leader>00615cam a22001573  4500</marc:leader>
<marc:controlfield tag="001">000001107</marc:controlfield>
<marc:controlfield tag="003">Uk</marc:controlfield><marc:controlfield tag="005">20110119131900.0</marc:controlfield><marc:controlfield tag="008">870813|1818|||||||    ||     ||| |||||  </marc:controlfield><marc:datafield tag="040" ind1=" " ind2=" "><marc:subfield code="a">Uk</marc:subfield><marc:subfield code="c">Uk</marc:subfield></marc:datafield><marc:datafield tag="100" ind1="1" ind2=" "><marc:subfield code="a">A., S. C.</marc:subfield></marc:datafield><marc:datafield tag="245" ind1="1" ind2="0"><marc:subfield code="a">Dublin Conference, versus Wesley. [Verses, signed: S. C. A., i.e. Samuel Cooper Austin.]</marc:subfield></marc:datafield><marc:datafield tag="580" ind1=" " ind2=" "><marc:subfield code="a">In : Tell-Truth, pseud. New Tale of a Tub, a poem, in reply to a paper, entitled “The Dublin Conference,” etc. 1818. 12º.</marc:subfield></marc:datafield><marc:datafield tag="700" ind1="1" ind2=" "><marc:subfield code="a">AUSTIN, Samuel Cooper.</marc:subfield></marc:datafield><marc:datafield tag="852" ind1="4" ind2="1"><marc:subfield code="a">British Library</marc:subfield><marc:subfield code="b">HMNTS</marc:subfield><marc:subfield code="j">11645.df.45.</marc:subfield></marc:datafield><marc:datafield tag="886" ind1="2" ind2=" "><marc:subfield code="2">blmarc</marc:subfield><marc:subfield code="a">709</marc:subfield><marc:subfield code="b">00</marc:subfield><marc:subfield code="a">AUSTIN</marc:subfield><marc:subfield code="h">Samuel Cooper</marc:subfield><marc:subfield code="p">11645.df.45.</marc:subfield><marc:subfield code="x">0141840048</marc:subfield></marc:datafield></marc:record>