
<marc:record><marc:leader>00613cam a22001693  4500</marc:leader>
<marc:controlfield tag="001">000001111</marc:controlfield>
<marc:controlfield tag="003">Uk</marc:controlfield><marc:controlfield tag="005">20130220172100.0</marc:controlfield><marc:controlfield tag="008">870813|1815|||||||    ||     ||| |||||  </marc:controlfield><marc:datafield tag="040" ind1=" " ind2=" "><marc:subfield code="a">Uk</marc:subfield><marc:subfield code="c">Uk</marc:subfield></marc:datafield><marc:datafield tag="100" ind1="1" ind2=" "><marc:subfield code="a">A., S. I.</marc:subfield></marc:datafield><marc:datafield tag="245" ind1="1" ind2="0"><marc:subfield code="a">Разрушеніе Коперниковой Системы. Россійское Сочиненіе. [The dedication signed: S. I. A.]</marc:subfield></marc:datafield><marc:datafield tag="260" ind1=" " ind2=" "><marc:subfield code="a">Москва,</marc:subfield><marc:subfield code="c">1815.</marc:subfield></marc:datafield><marc:datafield tag="300" ind1=" " ind2=" "><marc:subfield code="a">99 p. ;</marc:subfield><marc:subfield code="c">8º.</marc:subfield></marc:datafield><marc:datafield tag="700" ind1="1" ind2=" "><marc:subfield code="a">Copernicus, Nicolaus,</marc:subfield><marc:subfield code="d">1473-1543</marc:subfield><marc:subfield code="t">Appendix.</marc:subfield></marc:datafield><marc:datafield tag="852" ind1="4" ind2="1"><marc:subfield code="a">British Library</marc:subfield><marc:subfield code="b">HMNTS</marc:subfield><marc:subfield code="j">8560.b.13.</marc:subfield></marc:datafield><marc:datafield tag="886" ind1="2" ind2=" "><marc:subfield code="2">blmarc</marc:subfield><marc:subfield code="a">709</marc:subfield><marc:subfield code="b">00</marc:subfield><marc:subfield code="a">COPERNICUS</marc:subfield><marc:subfield code="h">Nicolaus</marc:subfield><marc:subfield code="t">Appendix</marc:subfield><marc:subfield code="p">8560.b.13.</marc:subfield><marc:subfield code="x">0693600268</marc:subfield></marc:datafield></marc:record>