
<marc:record><marc:leader>01000cam a22001933  4500</marc:leader>
<marc:controlfield tag="001">000001122</marc:controlfield>
<marc:controlfield tag="003">Uk</marc:controlfield><marc:controlfield tag="005">20120807182200.0</marc:controlfield><marc:controlfield tag="008">870813|1874|||||||    ||     ||| |||||  </marc:controlfield><marc:datafield tag="040" ind1=" " ind2=" "><marc:subfield code="a">Uk</marc:subfield><marc:subfield code="c">Uk</marc:subfield></marc:datafield><marc:datafield tag="100" ind1="1" ind2=" "><marc:subfield code="a">A., S. M.</marc:subfield></marc:datafield><marc:datafield tag="245" ind1="1" ind2="0"><marc:subfield code="a">Religion and Science; the letters of “Alpha” on the influence of spirit upon imponderable actienic molecular substances ... Embracing a review of the address of ... J. Tyndall before the British Association ... 1874, with additional evidence ... By the author of “Fibrilia and Fibrous Manufactures,” etc. (S. M. A. [i.e. Stephen M. Allen.]).</marc:subfield></marc:datafield><marc:datafield tag="260" ind1=" " ind2=" "><marc:subfield code="a">Boston :</marc:subfield><marc:subfield code="b">A. Mudge &amp; Son,</marc:subfield><marc:subfield code="c">1874.</marc:subfield></marc:datafield><marc:datafield tag="300" ind1=" " ind2=" "><marc:subfield code="a">171 p., 5 plates ;</marc:subfield><marc:subfield code="c">8º.</marc:subfield></marc:datafield><marc:datafield tag="700" ind1="1" ind2=" "><marc:subfield code="a">ALLEN, Stephen Merrill.</marc:subfield></marc:datafield><marc:datafield tag="700" ind1="1" ind2=" "><marc:subfield code="a">TYNDALL, John,</marc:subfield><marc:subfield code="c">F.R.S..</marc:subfield><marc:subfield code="t">[Advancement of Science.]</marc:subfield></marc:datafield><marc:datafield tag="852" ind1="4" ind2="1"><marc:subfield code="a">British Library</marc:subfield><marc:subfield code="b">HMNTS</marc:subfield><marc:subfield code="j">8707.bbb.20.</marc:subfield></marc:datafield><marc:datafield tag="886" ind1="2" ind2=" "><marc:subfield code="2">blmarc</marc:subfield><marc:subfield code="a">709</marc:subfield><marc:subfield code="b">00</marc:subfield><marc:subfield code="a">ALLEN</marc:subfield><marc:subfield code="h">Stephen Merrill</marc:subfield><marc:subfield code="p">8707.bbb.20.</marc:subfield><marc:subfield code="x">0055120083</marc:subfield></marc:datafield><marc:datafield tag="886" ind1="2" ind2=" "><marc:subfield code="2">blmarc</marc:subfield><marc:subfield code="a">709</marc:subfield><marc:subfield code="b">00</marc:subfield><marc:subfield code="a">TYNDALL</marc:subfield><marc:subfield code="h">John</marc:subfield><marc:subfield code="f">F.R.S.</marc:subfield><marc:subfield code="t">[Advancement of Science.]</marc:subfield><marc:subfield code="p">8707.bbb.20.</marc:subfield><marc:subfield code="x">3313910343</marc:subfield></marc:datafield></marc:record>