
<marc:record><marc:leader>00655cam a22001813  4500</marc:leader>
<marc:controlfield tag="001">000001127</marc:controlfield>
<marc:controlfield tag="003">Uk</marc:controlfield><marc:controlfield tag="005">20100204104727.0</marc:controlfield><marc:controlfield tag="008">870813|1898|||||||    ||     ||| |||||  </marc:controlfield><marc:datafield tag="040" ind1=" " ind2=" "><marc:subfield code="a">Uk</marc:subfield><marc:subfield code="c">Uk</marc:subfield></marc:datafield><marc:datafield tag="100" ind1="0" ind2=" "><marc:subfield code="a">S. T. A.,</marc:subfield><marc:subfield code="d">active 1898.</marc:subfield></marc:datafield><marc:datafield tag="245" ind1="1" ind2="0"><marc:subfield code="a">How to read the Hand; or, Character in the palm ... By S. T. A. Revised and enlarged edition, etc.</marc:subfield></marc:datafield><marc:datafield tag="260" ind1=" " ind2=" "><marc:subfield code="a">London :</marc:subfield><marc:subfield code="b">L. N. Fowler &amp; Co.,</marc:subfield><marc:subfield code="c">[1898]</marc:subfield></marc:datafield><marc:datafield tag="300" ind1=" " ind2=" "><marc:subfield code="a">60 p. ;</marc:subfield><marc:subfield code="c">8º.</marc:subfield></marc:datafield><marc:datafield tag="720" ind1=" " ind2=" "><marc:subfield code="a">HAND</marc:subfield></marc:datafield><marc:datafield tag="787" ind1="0" ind2=" "><marc:subfield code="t">How to Read the Hand ... By S. T. A., etc.</marc:subfield><marc:subfield code="w">(Uk)MP1.0000001073.1</marc:subfield><marc:subfield code="d">London, [1935.] 12º.</marc:subfield></marc:datafield><marc:datafield tag="852" ind1="4" ind2="1"><marc:subfield code="a">British Library</marc:subfield><marc:subfield code="b">HMNTS</marc:subfield><marc:subfield code="j">08631.e.12.(4.)</marc:subfield></marc:datafield><marc:datafield tag="886" ind1="2" ind2=" "><marc:subfield code="2">blmarc</marc:subfield><marc:subfield code="a">709</marc:subfield><marc:subfield code="b">00</marc:subfield><marc:subfield code="a">HAND</marc:subfield><marc:subfield code="p">08631.e.12.(4.)</marc:subfield><marc:subfield code="x">139124009X</marc:subfield></marc:datafield></marc:record>