
<marc:record><marc:leader>00857cam a22001813  4500</marc:leader>
<marc:controlfield tag="001">000001133</marc:controlfield>
<marc:controlfield tag="003">Uk</marc:controlfield><marc:controlfield tag="005">20111222151700.0</marc:controlfield><marc:controlfield tag="008">870813|1813|||||||    ||     ||| |||||  </marc:controlfield><marc:datafield tag="040" ind1=" " ind2=" "><marc:subfield code="a">Uk</marc:subfield><marc:subfield code="c">Uk</marc:subfield></marc:datafield><marc:datafield tag="100" ind1="1" ind2=" "><marc:subfield code="a">A., T.</marc:subfield></marc:datafield><marc:datafield tag="245" ind1="1" ind2="0"><marc:subfield code="a">Bible News of the Father, Son and Holy Ghost, as reported by Rev. Noah Worcester ... not correct, in a letter [signed: T. A.] to a friend etc. [Signed: A. T.]</marc:subfield></marc:datafield><marc:datafield tag="260" ind1=" " ind2=" "><marc:subfield code="a">Boston :</marc:subfield><marc:subfield code="b">S. T. Armstrong,</marc:subfield><marc:subfield code="c">1813.</marc:subfield></marc:datafield><marc:datafield tag="300" ind1=" " ind2=" "><marc:subfield code="a">18 p. ;</marc:subfield><marc:subfield code="c">8º.</marc:subfield></marc:datafield><marc:datafield tag="700" ind1="1" ind2=" "><marc:subfield code="a">WORCESTER, Noah,</marc:subfield><marc:subfield code="c">D.D.</marc:subfield></marc:datafield><marc:datafield tag="775" ind1="0" ind2=" "><marc:subfield code="t">[Bible News of the Father, Son and Holy Ghost, as reported by Rev. Noah Worcester ... not correct, in a letter [signed: T. A.] to a friend etc. [Signed: A. T.]]</marc:subfield><marc:subfield code="d">pp. 28. S. T. Armstrong: Boston, 1813. 8º.</marc:subfield><marc:subfield code="w">(Uk)MP1.0000001078.1</marc:subfield></marc:datafield><marc:datafield tag="852" ind1="4" ind2="1"><marc:subfield code="a">British Library</marc:subfield><marc:subfield code="b">HMNTS</marc:subfield><marc:subfield code="j">4225.c.2.</marc:subfield></marc:datafield><marc:datafield tag="886" ind1="2" ind2=" "><marc:subfield code="2">blmarc</marc:subfield><marc:subfield code="a">709</marc:subfield><marc:subfield code="b">00</marc:subfield><marc:subfield code="a">WORCESTER</marc:subfield><marc:subfield code="h">Noah</marc:subfield><marc:subfield code="f">D.D.</marc:subfield><marc:subfield code="p">4225.c.2.</marc:subfield><marc:subfield code="x">3553330295</marc:subfield></marc:datafield></marc:record>