
<marc:record><marc:leader>00696cam a22001933  4500</marc:leader>
<marc:controlfield tag="001">000001137</marc:controlfield>
<marc:controlfield tag="003">Uk</marc:controlfield><marc:controlfield tag="005">20110119131900.0</marc:controlfield><marc:controlfield tag="008">870813|1876|||||||    ||     ||| ||eng  </marc:controlfield><marc:datafield tag="040" ind1=" " ind2=" "><marc:subfield code="a">Uk</marc:subfield><marc:subfield code="c">Uk</marc:subfield></marc:datafield><marc:datafield tag="100" ind1="1" ind2=" "><marc:subfield code="a">A., T.</marc:subfield></marc:datafield><marc:datafield tag="245" ind1="1" ind2="4"><marc:subfield code="a">The Life of Billy Purvis, etc. (Second edition.) [With a preface signed: T. A., i.e. Thomas Arthur.]</marc:subfield></marc:datafield><marc:datafield tag="260" ind1=" " ind2=" "><marc:subfield code="a">pp. 153. T. Arthur; A. Everatt: Newcastle-on-Tyne, [1876?]</marc:subfield></marc:datafield><marc:datafield tag="300" ind1=" " ind2=" "><marc:subfield code="a">8º.</marc:subfield></marc:datafield><marc:datafield tag="700" ind1="1" ind2=" "><marc:subfield code="a">ARTHUR, Thomas,</marc:subfield><marc:subfield code="c">Biographer.</marc:subfield></marc:datafield><marc:datafield tag="700" ind1="1" ind2=" "><marc:subfield code="a">PURVIS, William.</marc:subfield></marc:datafield><marc:datafield tag="852" ind1="4" ind2="1"><marc:subfield code="a">British Library</marc:subfield><marc:subfield code="b">HMNTS</marc:subfield><marc:subfield code="j">10826.aaa.8.</marc:subfield></marc:datafield><marc:datafield tag="886" ind1="2" ind2=" "><marc:subfield code="2">blmarc</marc:subfield><marc:subfield code="a">709</marc:subfield><marc:subfield code="b">00</marc:subfield><marc:subfield code="a">ARTHUR</marc:subfield><marc:subfield code="h">Thomas</marc:subfield><marc:subfield code="f">Biographer</marc:subfield><marc:subfield code="p">10826.aaa.8.</marc:subfield><marc:subfield code="x">0121750035</marc:subfield></marc:datafield><marc:datafield tag="886" ind1="2" ind2=" "><marc:subfield code="2">blmarc</marc:subfield><marc:subfield code="a">709</marc:subfield><marc:subfield code="b">00</marc:subfield><marc:subfield code="a">PURVIS</marc:subfield><marc:subfield code="h">William</marc:subfield><marc:subfield code="p">10826.aaa.8.</marc:subfield><marc:subfield code="x">2673980202</marc:subfield></marc:datafield></marc:record>