
<marc:record><marc:leader>00738cam a22001693  4500</marc:leader>
<marc:controlfield tag="001">000001140</marc:controlfield>
<marc:controlfield tag="003">Uk</marc:controlfield><marc:controlfield tag="005">20111222151700.0</marc:controlfield><marc:controlfield tag="008">870813|1856|||||||    ||     ||| |||||  </marc:controlfield><marc:datafield tag="040" ind1=" " ind2=" "><marc:subfield code="a">Uk</marc:subfield><marc:subfield code="c">Uk</marc:subfield></marc:datafield><marc:datafield tag="100" ind1="1" ind2=" "><marc:subfield code="a">A., T.</marc:subfield></marc:datafield><marc:datafield tag="245" ind1="1" ind2="0"><marc:subfield code="a">On the Term “Oblations” in the Communion-Service; and its importance as to the time of placing the Elements on the Lord's Table. [Signed: T. A.]</marc:subfield></marc:datafield><marc:datafield tag="260" ind1=" " ind2=" "><marc:subfield code="a">London :</marc:subfield><marc:subfield code="b">J. H. &amp; J. Parker,</marc:subfield><marc:subfield code="c">1856.</marc:subfield></marc:datafield><marc:datafield tag="300" ind1=" " ind2=" "><marc:subfield code="a">11 p. ;</marc:subfield><marc:subfield code="c">8º.</marc:subfield></marc:datafield><marc:datafield tag="730" ind1="0" ind2=" "><marc:subfield code="a">Liturgies. Church of England. Common Prayer. Separate Parts. Communion Office. Appendix</marc:subfield></marc:datafield><marc:datafield tag="852" ind1="4" ind2="1"><marc:subfield code="a">British Library</marc:subfield><marc:subfield code="b">HMNTS</marc:subfield><marc:subfield code="j">3478.d.19.</marc:subfield></marc:datafield><marc:datafield tag="886" ind1="2" ind2=" "><marc:subfield code="2">blmarc</marc:subfield><marc:subfield code="a">709</marc:subfield><marc:subfield code="b">00</marc:subfield><marc:subfield code="a">LITURGIES</marc:subfield><marc:subfield code="t">Church of England</marc:subfield><marc:subfield code="t">Common Prayer</marc:subfield><marc:subfield code="t">Separate Parts</marc:subfield><marc:subfield code="t">Communion Office</marc:subfield><marc:subfield code="t">Appendix</marc:subfield><marc:subfield code="p">3478.d.19.</marc:subfield><marc:subfield code="x">1944260099</marc:subfield></marc:datafield></marc:record>