
<marc:record><marc:leader>00820cam a22002053  4500</marc:leader>
<marc:controlfield tag="001">000001148</marc:controlfield>
<marc:controlfield tag="003">Uk</marc:controlfield><marc:controlfield tag="005">20110119132000.0</marc:controlfield><marc:controlfield tag="008">870813|1813|||||||    ||     ||| |||||  </marc:controlfield><marc:datafield tag="040" ind1=" " ind2=" "><marc:subfield code="a">Uk</marc:subfield><marc:subfield code="c">Uk</marc:subfield></marc:datafield><marc:datafield tag="100" ind1="1" ind2=" "><marc:subfield code="a">A., T.,</marc:subfield><marc:subfield code="c">Captain, Light Dragoons.</marc:subfield></marc:datafield><marc:datafield tag="245" ind1="1" ind2="0"><marc:subfield code="a">History of the Azores, or Western Islands ... Illustrated by maps, etc. [The dedication signed: T. A.-Captain, Light Dragoons, i.e. Thomas Ashe.]</marc:subfield></marc:datafield><marc:datafield tag="260" ind1=" " ind2=" "><marc:subfield code="a">London :</marc:subfield><marc:subfield code="b">Sherwood, Neely &amp; Jones,</marc:subfield><marc:subfield code="c">1813.</marc:subfield></marc:datafield><marc:datafield tag="300" ind1=" " ind2=" "><marc:subfield code="a">viii. v. 310 p. ;</marc:subfield><marc:subfield code="c">4º.</marc:subfield></marc:datafield><marc:datafield tag="700" ind1="1" ind2=" "><marc:subfield code="a">ASHE, Thomas,</marc:subfield><marc:subfield code="c">Captain.</marc:subfield></marc:datafield><marc:datafield tag="720" ind1=" " ind2=" "><marc:subfield code="a">AZORES. Appendix</marc:subfield></marc:datafield><marc:datafield tag="852" ind1="4" ind2="1"><marc:subfield code="a">British Library</marc:subfield><marc:subfield code="b">HMNTS</marc:subfield><marc:subfield code="j">10161.f.1.</marc:subfield></marc:datafield><marc:datafield tag="852" ind1="4" ind2="1"><marc:subfield code="a">British Library</marc:subfield><marc:subfield code="b">HMNTS</marc:subfield><marc:subfield code="j">G.1536.</marc:subfield><marc:subfield code="3">[Another copy.]</marc:subfield></marc:datafield><marc:datafield tag="886" ind1="2" ind2=" "><marc:subfield code="2">blmarc</marc:subfield><marc:subfield code="a">709</marc:subfield><marc:subfield code="b">00</marc:subfield><marc:subfield code="a">ASHE</marc:subfield><marc:subfield code="h">Thomas</marc:subfield><marc:subfield code="f">Captain</marc:subfield><marc:subfield code="p">10161.f.1.</marc:subfield><marc:subfield code="x">0123390060</marc:subfield></marc:datafield><marc:datafield tag="886" ind1="2" ind2=" "><marc:subfield code="2">blmarc</marc:subfield><marc:subfield code="a">709</marc:subfield><marc:subfield code="b">00</marc:subfield><marc:subfield code="a">AZORES</marc:subfield><marc:subfield code="t">Appendix</marc:subfield><marc:subfield code="p">10161.f.1.</marc:subfield><marc:subfield code="x">0151330026</marc:subfield></marc:datafield></marc:record>