
<marc:record><marc:leader>01164cam a22002053  4500</marc:leader>
<marc:controlfield tag="001">000001150</marc:controlfield>
<marc:controlfield tag="003">Uk</marc:controlfield><marc:controlfield tag="005">20110119132000.0</marc:controlfield><marc:controlfield tag="008">991013|1836|||||||    ||     ||| |||||  </marc:controlfield><marc:datafield tag="040" ind1=" " ind2=" "><marc:subfield code="a">Uk</marc:subfield><marc:subfield code="c">Uk</marc:subfield></marc:datafield><marc:datafield tag="100" ind1="1" ind2=" "><marc:subfield code="a">A., T.,</marc:subfield><marc:subfield code="c">Gent., Clerk on board His Majesties Ship the Richmond.</marc:subfield></marc:datafield><marc:datafield tag="245" ind1="1" ind2="0"><marc:subfield code="a">[Carolina; or, a description of the present state of that country, and the natural excellencies thereof: published by T. A., Gent., etc. [i.e. Thomas Ash?]]</marc:subfield></marc:datafield><marc:datafield tag="250" ind1=" " ind2=" "><marc:subfield code="a">[Another edition.]</marc:subfield></marc:datafield><marc:datafield tag="580" ind1=" " ind2=" "><marc:subfield code="a">In: Carroll (B. R.) Historical Collections, etc. vol. 2. 1836. 8º.</marc:subfield></marc:datafield><marc:datafield tag="700" ind1="1" ind2=" "><marc:subfield code="a">ASH, Thomas,</marc:subfield><marc:subfield code="c">Clerk on board His Majesties Ship the Richmond.</marc:subfield></marc:datafield><marc:datafield tag="720" ind1=" " ind2=" "><marc:subfield code="a">CAROLINA. Appendix</marc:subfield></marc:datafield><marc:datafield tag="787" ind1="0" ind2=" "><marc:subfield code="t">Carolina; or, a description of the present state of that country, and the natural excellencies thereof: published by T. A., Gent., etc. [i.e. Thomas Ash?]</marc:subfield><marc:subfield code="d">For W. C., sold by Mrs. Grover: London, 1682. 4º.</marc:subfield><marc:subfield code="w">(Uk)MP1.0000001093</marc:subfield></marc:datafield><marc:datafield tag="852" ind1="4" ind2="1"><marc:subfield code="a">British Library</marc:subfield><marc:subfield code="b">HMNTS</marc:subfield><marc:subfield code="j">1447.h.18.</marc:subfield></marc:datafield><marc:datafield tag="886" ind1="2" ind2=" "><marc:subfield code="2">blmarc</marc:subfield><marc:subfield code="a">709</marc:subfield><marc:subfield code="b">00</marc:subfield><marc:subfield code="a">ASH</marc:subfield><marc:subfield code="h">Thomas</marc:subfield><marc:subfield code="f">Clerk on board His Majesties Ship the Richmond</marc:subfield><marc:subfield code="p">1061.g.60.</marc:subfield><marc:subfield code="p">1447.h.18.</marc:subfield><marc:subfield code="x">0123090199</marc:subfield></marc:datafield><marc:datafield tag="886" ind1="2" ind2=" "><marc:subfield code="2">blmarc</marc:subfield><marc:subfield code="a">709</marc:subfield><marc:subfield code="b">00</marc:subfield><marc:subfield code="a">CAROLINA</marc:subfield><marc:subfield code="t">Appendix</marc:subfield><marc:subfield code="p">1061.g.60.</marc:subfield><marc:subfield code="p">1447.h.18.</marc:subfield><marc:subfield code="x">0542280000</marc:subfield></marc:datafield></marc:record>