
<marc:record><marc:leader>00789cam a22001933  4500</marc:leader>
<marc:controlfield tag="001">000001156</marc:controlfield>
<marc:controlfield tag="003">Uk</marc:controlfield><marc:controlfield tag="005">20120120152500.0</marc:controlfield><marc:controlfield tag="008">870813|1827|||||||    ||     ||| |||||  </marc:controlfield><marc:datafield tag="040" ind1=" " ind2=" "><marc:subfield code="a">Uk</marc:subfield><marc:subfield code="c">Uk</marc:subfield></marc:datafield><marc:datafield tag="100" ind1="1" ind2=" "><marc:subfield code="a">A-, T.,</marc:subfield><marc:subfield code="c">of K-, East-Riding of Yorkshire.</marc:subfield></marc:datafield><marc:datafield tag="245" ind1="1" ind2="0"><marc:subfield code="a">Letter I. to Mr. T. A-, of K-, East Riding of Yorkshire. [By Thomas Galland. A criticism of “A Statement of Facts,” by John Barr, on the introduction of an organ into Brunswick Chapel, Leeds.]</marc:subfield></marc:datafield><marc:datafield tag="260" ind1=" " ind2=" "><marc:subfield code="a">Leeds :</marc:subfield><marc:subfield code="b">H. Cullingworth,</marc:subfield><marc:subfield code="c">[1827]</marc:subfield></marc:datafield><marc:datafield tag="300" ind1=" " ind2=" "><marc:subfield code="a">8 p. ;</marc:subfield><marc:subfield code="c">8º.</marc:subfield></marc:datafield><marc:datafield tag="700" ind1="1" ind2=" "><marc:subfield code="a">BARR, John,</marc:subfield><marc:subfield code="c">of Leeds.</marc:subfield></marc:datafield><marc:datafield tag="700" ind1="1" ind2=" "><marc:subfield code="a">GALLAND, Thomas.</marc:subfield></marc:datafield><marc:datafield tag="852" ind1="4" ind2="1"><marc:subfield code="a">British Library</marc:subfield><marc:subfield code="b">HMNTS</marc:subfield><marc:subfield code="j">4135.b.6.</marc:subfield></marc:datafield><marc:datafield tag="886" ind1="2" ind2=" "><marc:subfield code="2">blmarc</marc:subfield><marc:subfield code="a">709</marc:subfield><marc:subfield code="b">00</marc:subfield><marc:subfield code="a">BARR</marc:subfield><marc:subfield code="h">John</marc:subfield><marc:subfield code="f">of Leeds</marc:subfield><marc:subfield code="p">4135.b.6.</marc:subfield><marc:subfield code="x">0193750015</marc:subfield></marc:datafield><marc:datafield tag="886" ind1="2" ind2=" "><marc:subfield code="2">blmarc</marc:subfield><marc:subfield code="a">709</marc:subfield><marc:subfield code="b">00</marc:subfield><marc:subfield code="a">GALLAND</marc:subfield><marc:subfield code="h">Thomas</marc:subfield><marc:subfield code="p">4135.b.6.</marc:subfield><marc:subfield code="x">1190600358</marc:subfield></marc:datafield></marc:record>