
<marc:record><marc:leader>00920cam a22001813  4500</marc:leader>
<marc:controlfield tag="001">000001157</marc:controlfield>
<marc:controlfield tag="003">Uk</marc:controlfield><marc:controlfield tag="005">20110119132000.0</marc:controlfield><marc:controlfield tag="008">870813|1832|||||||    ||     ||| |||||  </marc:controlfield><marc:datafield tag="040" ind1=" " ind2=" "><marc:subfield code="a">Uk</marc:subfield><marc:subfield code="c">Uk</marc:subfield></marc:datafield><marc:datafield tag="100" ind1="1" ind2=" "><marc:subfield code="a">A., T.,</marc:subfield><marc:subfield code="c">Solicitor.</marc:subfield></marc:datafield><marc:datafield tag="245" ind1="1" ind2="2"><marc:subfield code="a">A Plan for relieving the Pressure of the Poor Rates, affording employment to the agricultural poor, etc. By a Solicitor (T. A. [i.e. Thomas Archer]).</marc:subfield></marc:datafield><marc:datafield tag="260" ind1=" " ind2=" "><marc:subfield code="a">London :</marc:subfield><marc:subfield code="b">Pelham Richardson,</marc:subfield><marc:subfield code="c">1832.</marc:subfield></marc:datafield><marc:datafield tag="300" ind1=" " ind2=" "><marc:subfield code="a">73 p. ;</marc:subfield><marc:subfield code="c">8º.</marc:subfield></marc:datafield><marc:datafield tag="700" ind1="1" ind2=" "><marc:subfield code="a">ARCHER, Thomas,</marc:subfield><marc:subfield code="c">Solicitor, of Ely.</marc:subfield></marc:datafield><marc:datafield tag="775" ind1="0" ind2=" "><marc:subfield code="t">[A Plan for relieving the Pressure of the Poor Rates, affording employment to the agricultural poor, etc. By a Solicitor (T. A. [i.e. Thomas Archer]).]</marc:subfield><marc:subfield code="d">pp. 73. Pelham Richardson: London, 1832. 8º.</marc:subfield><marc:subfield code="w">(Uk)MP1.0000001100.1</marc:subfield></marc:datafield><marc:datafield tag="852" ind1="4" ind2="1"><marc:subfield code="a">British Library</marc:subfield><marc:subfield code="b">HMNTS</marc:subfield><marc:subfield code="j">8282.bbb.65.(2.)</marc:subfield></marc:datafield><marc:datafield tag="886" ind1="2" ind2=" "><marc:subfield code="2">blmarc</marc:subfield><marc:subfield code="a">709</marc:subfield><marc:subfield code="b">00</marc:subfield><marc:subfield code="a">ARCHER</marc:subfield><marc:subfield code="h">Thomas</marc:subfield><marc:subfield code="f">Solicitor, of Ely</marc:subfield><marc:subfield code="p">T.1415.(3.)</marc:subfield><marc:subfield code="x">0102710325</marc:subfield><marc:subfield code="p">8282.bbb.65.(2.)</marc:subfield><marc:subfield code="x">0102710325</marc:subfield></marc:datafield></marc:record>