
<marc:record><marc:leader>01479cam a22002173  4500</marc:leader>
<marc:controlfield tag="001">000001168</marc:controlfield>
<marc:controlfield tag="003">Uk</marc:controlfield><marc:controlfield tag="005">20111222151700.0</marc:controlfield><marc:controlfield tag="008">870813|1832|||||||    ||     ||| |||||  </marc:controlfield><marc:datafield tag="040" ind1=" " ind2=" "><marc:subfield code="a">Uk</marc:subfield><marc:subfield code="c">Uk</marc:subfield></marc:datafield><marc:datafield tag="100" ind1="1" ind2=" "><marc:subfield code="a">A., T. H. E.</marc:subfield></marc:datafield><marc:datafield tag="245" ind1="1" ind2="0"><marc:subfield code="a">Remarks on Professor Rossetti's “Disquisizioni sullo spirito antipapale.” [The preface signed: T. H. E. A., i.e. Arthur Henry Hallam.]</marc:subfield></marc:datafield><marc:datafield tag="260" ind1=" " ind2=" "><marc:subfield code="a">London :</marc:subfield><marc:subfield code="b">Edward Moxon,</marc:subfield><marc:subfield code="c">1832.</marc:subfield></marc:datafield><marc:datafield tag="300" ind1=" " ind2=" "><marc:subfield code="a">76 p. ;</marc:subfield><marc:subfield code="c">8º.</marc:subfield></marc:datafield><marc:datafield tag="700" ind1="1" ind2=" "><marc:subfield code="a">Hallam, Arthur Henry,</marc:subfield><marc:subfield code="d">1811-1833.</marc:subfield></marc:datafield><marc:datafield tag="700" ind1="1" ind2=" "><marc:subfield code="a">ROSSETTI, Gabriele Pasquale Giuseppe.</marc:subfield><marc:subfield code="t">Disquisitions on the Antipapal Spirit which produced the Reformation: its secret influence on the literature of Europe in general, and of Italy in particular ... Translated from the Italian by Miss C. Ward.</marc:subfield></marc:datafield><marc:datafield tag="852" ind1="4" ind2="1"><marc:subfield code="a">British Library</marc:subfield><marc:subfield code="b">HMNTS</marc:subfield><marc:subfield code="j">11421.g.33.(3.)</marc:subfield></marc:datafield><marc:datafield tag="852" ind1="4" ind2="1"><marc:subfield code="a">British Library</marc:subfield><marc:subfield code="b">HMNTS</marc:subfield><marc:subfield code="j">T.1485.(6.)</marc:subfield><marc:subfield code="3">[Another copy.]</marc:subfield></marc:datafield><marc:datafield tag="852" ind1="4" ind2="1"><marc:subfield code="a">British Library</marc:subfield><marc:subfield code="b">HMNTS</marc:subfield><marc:subfield code="j">11421.m.35.</marc:subfield><marc:subfield code="3">[Another copy.] Remarks on Professor Rossetti's “Disquisizioni sullo spirito antipapale.” [The preface signed: T. H. E. A., i.e. Arthur Henry Hallam.] London, 1832. 8º.</marc:subfield></marc:datafield><marc:datafield tag="886" ind1="2" ind2=" "><marc:subfield code="2">blmarc</marc:subfield><marc:subfield code="a">709</marc:subfield><marc:subfield code="b">00</marc:subfield><marc:subfield code="a">HALLAM</marc:subfield><marc:subfield code="h">Arthur Henry</marc:subfield><marc:subfield code="p">11421.m.35.</marc:subfield><marc:subfield code="x">1380730007</marc:subfield></marc:datafield><marc:datafield tag="886" ind1="2" ind2=" "><marc:subfield code="2">blmarc</marc:subfield><marc:subfield code="a">709</marc:subfield><marc:subfield code="b">00</marc:subfield><marc:subfield code="a">ROSSETTI</marc:subfield><marc:subfield code="h">Gabriele Pasquale Giuseppe</marc:subfield><marc:subfield code="t">Disquisitions on the Antipapal Spirit which produced the Reformation: its secret influence on the literature of Europe in general, and of Italy in particular ... Translated from the Italian by Miss C. Ward.</marc:subfield><marc:subfield code="p">11421.g.33.(3.)</marc:subfield><marc:subfield code="x">282071031X</marc:subfield></marc:datafield></marc:record>