
<marc:record><marc:leader>01448cam a22001933  4500</marc:leader>
<marc:controlfield tag="001">000001169</marc:controlfield>
<marc:controlfield tag="003">Uk</marc:controlfield><marc:controlfield tag="005">20130520180000.0</marc:controlfield><marc:controlfield tag="008">870813|1836||||enk    ||     ||| |||||  </marc:controlfield><marc:datafield tag="040" ind1=" " ind2=" "><marc:subfield code="a">Uk</marc:subfield><marc:subfield code="c">Uk</marc:subfield></marc:datafield><marc:datafield tag="100" ind1="1" ind2=" "><marc:subfield code="a">A., T. K.</marc:subfield></marc:datafield><marc:datafield tag="245" ind1="1" ind2="2"><marc:subfield code="a">A Latin Syntax and first Reading Book ... being an adaptation of Broeder's &quot;Little Latin Grammar&quot; to the Eton Syntax, etc. [The preface signed: T. K. A., i.e. Thomas Kerchever Arnold.]</marc:subfield></marc:datafield><marc:datafield tag="260" ind1=" " ind2=" "><marc:subfield code="a">London :</marc:subfield><marc:subfield code="b">Rivingtons,</marc:subfield><marc:subfield code="c">1836.</marc:subfield></marc:datafield><marc:datafield tag="300" ind1=" " ind2=" "><marc:subfield code="a">iv, 91 p. ;</marc:subfield><marc:subfield code="c">12º.</marc:subfield></marc:datafield><marc:datafield tag="700" ind1="1" ind2=" "><marc:subfield code="a">Arnold, Thomas Kerchever,</marc:subfield><marc:subfield code="d">1800-1853.</marc:subfield></marc:datafield><marc:datafield tag="700" ind1="1" ind2=" "><marc:subfield code="a">BROEDER, Christian Gottlob.</marc:subfield><marc:subfield code="t">Kleine latenische Grammatik, mit leichten Lectionen für Anfänger ... Aufs neue durchgesehen und verbessert von D. Ludwig Ramshorn ... Ein und zwanzigste verbesserte u. vermehrte Original-Auflage. (Christian Gottlob Bröders Wörterbuch zu seiner kleinen lateinischen Grammatik für Anfänger. Achtzehnte Auflage.)</marc:subfield></marc:datafield><marc:datafield tag="852" ind1="4" ind2="1"><marc:subfield code="a">British Library</marc:subfield><marc:subfield code="b">HMNTS</marc:subfield><marc:subfield code="j">1211.f.24.(4.)</marc:subfield></marc:datafield><marc:datafield tag="886" ind1="2" ind2=" "><marc:subfield code="2">blmarc</marc:subfield><marc:subfield code="a">709</marc:subfield><marc:subfield code="b">00</marc:subfield><marc:subfield code="a">ARNOLD</marc:subfield><marc:subfield code="h">Thomas Kerchever</marc:subfield><marc:subfield code="p">1211.f.24.(4.)</marc:subfield><marc:subfield code="x">0114900027</marc:subfield></marc:datafield><marc:datafield tag="886" ind1="2" ind2=" "><marc:subfield code="2">blmarc</marc:subfield><marc:subfield code="a">709</marc:subfield><marc:subfield code="b">00</marc:subfield><marc:subfield code="a">BROEDER</marc:subfield><marc:subfield code="h">Christian Gottlob</marc:subfield><marc:subfield code="t">Kleine latenische Grammatik, mit leichten Lectionen für Anfänger ... Aufs neue durchgesehen und verbessert von D. Ludwig Ramshorn ... Ein und zwanzigste verbesserte u. vermehrte Original-Auflage. (Christian Gottlob Bröders Wörterbuch zu seiner kleinen lateinischen Grammatik für Anfänger. Achtzehnte Auflage.)</marc:subfield><marc:subfield code="p">1211.f.24.(4.)</marc:subfield><marc:subfield code="x">043324030X</marc:subfield></marc:datafield></marc:record>