
<marc:record><marc:leader>01753cam a22003133  4500</marc:leader>
<marc:controlfield tag="001">000001183</marc:controlfield>
<marc:controlfield tag="003">Uk</marc:controlfield><marc:controlfield tag="005">20110311165800.0</marc:controlfield><marc:controlfield tag="008">950609|1808|||||||    ||     ||| |||||  </marc:controlfield><marc:datafield tag="040" ind1=" " ind2=" "><marc:subfield code="a">Uk</marc:subfield><marc:subfield code="c">Uk</marc:subfield></marc:datafield><marc:datafield tag="100" ind1="1" ind2=" "><marc:subfield code="a">ALFIERI, Vittorio,</marc:subfield><marc:subfield code="c">Count.</marc:subfield></marc:datafield><marc:datafield tag="240" ind1="1" ind2="0"><marc:subfield code="a">Doubtful and Supposititious Works</marc:subfield></marc:datafield><marc:datafield tag="245" ind1="1" ind2="0"><marc:subfield code="a">[Socrate di V* A* [ie. Vittorio Alfieri]. Tragedia una del conte Vittorio Alfieri da Asti [or rather, a parody of his work. By G. Viani G. Sauh and G. Mollo. With the collaboration of G. Sanseverino?]]</marc:subfield></marc:datafield><marc:datafield tag="250" ind1=" " ind2=" "><marc:subfield code="a">[Another edition.] Socrate, tragedia una del conte Vittorio Alfieri.</marc:subfield></marc:datafield><marc:datafield tag="260" ind1=" " ind2=" "><marc:subfield code="a">Venezia,</marc:subfield><marc:subfield code="c">1808.</marc:subfield></marc:datafield><marc:datafield tag="300" ind1=" " ind2=" "><marc:subfield code="a">34 p. ;</marc:subfield><marc:subfield code="c">8º.</marc:subfield></marc:datafield><marc:datafield tag="490" ind1="0" ind2=" "><marc:subfield code="a">[Il Teatro moderno. Terza raccolta. tom. 12.]</marc:subfield></marc:datafield><marc:datafield tag="700" ind1="1" ind2=" "><marc:subfield code="a">MOLLO, Gaspare.</marc:subfield></marc:datafield><marc:datafield tag="700" ind1="0" ind2=" "><marc:subfield code="a">SANSEVERINO,</marc:subfield><marc:subfield code="c">Benedictine Monk.</marc:subfield></marc:datafield><marc:datafield tag="700" ind1="1" ind2=" "><marc:subfield code="a">SANSEVERINO, Giuseppe.</marc:subfield></marc:datafield><marc:datafield tag="700" ind1="1" ind2=" "><marc:subfield code="a">SAULI, Gaspare.</marc:subfield></marc:datafield><marc:datafield tag="700" ind1="1" ind2=" "><marc:subfield code="a">VIANI, Giorgio.</marc:subfield></marc:datafield><marc:datafield tag="787" ind1="0" ind2=" "><marc:subfield code="t">Socrate di V* A* [ie. Vittorio Alfieri]. Tragedia una del conte Vittorio Alfieri da Asti [or rather, a parody of his work. By G. Viani G. Sauh and G. Mollo. With the collaboration of G. Sanseverino?]</marc:subfield><marc:subfield code="d">pp. vi. 40. Londra; trovasi in Firenze presso Luigi Carlieri, 1796. 8º.</marc:subfield><marc:subfield code="w">(Uk)MP1.0000001125</marc:subfield></marc:datafield><marc:datafield tag="852" ind1="4" ind2="1"><marc:subfield code="a">British Library</marc:subfield><marc:subfield code="b">HMNTS</marc:subfield><marc:subfield code="j">639.d.14.</marc:subfield></marc:datafield><marc:datafield tag="886" ind1="2" ind2=" "><marc:subfield code="2">blmarc</marc:subfield><marc:subfield code="a">709</marc:subfield><marc:subfield code="b">00</marc:subfield><marc:subfield code="a">MOLLO</marc:subfield><marc:subfield code="h">Gaspare</marc:subfield><marc:subfield code="p">11715.bb.4.(2.)</marc:subfield><marc:subfield code="x">2242480073</marc:subfield><marc:subfield code="p">639.d.14.</marc:subfield><marc:subfield code="x">2242480081</marc:subfield></marc:datafield><marc:datafield tag="886" ind1="2" ind2=" "><marc:subfield code="2">blmarc</marc:subfield><marc:subfield code="a">709</marc:subfield><marc:subfield code="b">00</marc:subfield><marc:subfield code="a">SANSEVERINO</marc:subfield><marc:subfield code="f">Benedictine Monk</marc:subfield><marc:subfield code="p">11715.bb.4.(2.)</marc:subfield><marc:subfield code="x">2894130074</marc:subfield><marc:subfield code="p">639.d.14.</marc:subfield><marc:subfield code="x">2894130082</marc:subfield></marc:datafield><marc:datafield tag="886" ind1="2" ind2=" "><marc:subfield code="2">blmarc</marc:subfield><marc:subfield code="a">709</marc:subfield><marc:subfield code="b">00</marc:subfield><marc:subfield code="a">SANSEVERINO</marc:subfield><marc:subfield code="h">Giuseppe</marc:subfield><marc:subfield code="p">11715.bb.4.(2.)</marc:subfield><marc:subfield code="x">2894130325</marc:subfield><marc:subfield code="p">639.d.14.</marc:subfield><marc:subfield code="x">2894130333</marc:subfield></marc:datafield><marc:datafield tag="886" ind1="2" ind2=" "><marc:subfield code="2">blmarc</marc:subfield><marc:subfield code="a">709</marc:subfield><marc:subfield code="b">00</marc:subfield><marc:subfield code="a">SAULI</marc:subfield><marc:subfield code="h">Gaspare</marc:subfield><marc:subfield code="p">11715.bb.4.(2.)</marc:subfield><marc:subfield code="x">2903860076</marc:subfield><marc:subfield code="p">639.d.14.</marc:subfield><marc:subfield code="x">2903860084</marc:subfield></marc:datafield><marc:datafield tag="886" ind1="2" ind2=" "><marc:subfield code="2">blmarc</marc:subfield><marc:subfield code="a">709</marc:subfield><marc:subfield code="b">00</marc:subfield><marc:subfield code="a">VIANI</marc:subfield><marc:subfield code="h">Giorgio</marc:subfield><marc:subfield code="p">11715.bb.4.(2.)</marc:subfield><marc:subfield code="x">3392190276</marc:subfield><marc:subfield code="p">639.d.14.</marc:subfield><marc:subfield code="x">3392190284</marc:subfield></marc:datafield></marc:record>