
<marc:record><marc:leader>00697cam a22001933  4500</marc:leader>
<marc:controlfield tag="001">000001197</marc:controlfield>
<marc:controlfield tag="003">Uk</marc:controlfield><marc:controlfield tag="005">20110119132000.0</marc:controlfield><marc:controlfield tag="008">870813|1827|||||||    ||     ||| |||||  </marc:controlfield><marc:datafield tag="040" ind1=" " ind2=" "><marc:subfield code="a">Uk</marc:subfield><marc:subfield code="c">Uk</marc:subfield></marc:datafield><marc:datafield tag="100" ind1="1" ind2=" "><marc:subfield code="a">A., V. R.,</marc:subfield><marc:subfield code="c">Don.</marc:subfield></marc:datafield><marc:datafield tag="245" ind1="1" ind2="0"><marc:subfield code="a">Armida y Reinaldo. En un acto. Primera parte. Por Don V. R. A. [i.e. Vicente Rodriguez de Arellano y el Arco.]</marc:subfield></marc:datafield><marc:datafield tag="260" ind1=" " ind2=" "><marc:subfield code="a">Valencia,</marc:subfield><marc:subfield code="c">1827.</marc:subfield></marc:datafield><marc:datafield tag="300" ind1=" " ind2=" "><marc:subfield code="a">6 p. ;</marc:subfield><marc:subfield code="c">4º.</marc:subfield></marc:datafield><marc:datafield tag="700" ind1="1" ind2=" "><marc:subfield code="a">RODRÍGUEZ DE ARELLANO Y EL ARCO, Vicente.</marc:subfield></marc:datafield><marc:datafield tag="720" ind1=" " ind2=" "><marc:subfield code="a">ARMIDA</marc:subfield></marc:datafield><marc:datafield tag="852" ind1="4" ind2="1"><marc:subfield code="a">British Library</marc:subfield><marc:subfield code="b">HMNTS</marc:subfield><marc:subfield code="j">1342.e.5.(1.)</marc:subfield></marc:datafield><marc:datafield tag="886" ind1="2" ind2=" "><marc:subfield code="2">blmarc</marc:subfield><marc:subfield code="a">709</marc:subfield><marc:subfield code="b">00</marc:subfield><marc:subfield code="a">ARMIDA</marc:subfield><marc:subfield code="p">1342.e.5.(1.)</marc:subfield><marc:subfield code="x">0112560067</marc:subfield></marc:datafield><marc:datafield tag="886" ind1="2" ind2=" "><marc:subfield code="2">blmarc</marc:subfield><marc:subfield code="a">709</marc:subfield><marc:subfield code="b">00</marc:subfield><marc:subfield code="a">RODRÍGUEZ DE ARELLANO Y EL ARCO</marc:subfield><marc:subfield code="h">Vicente</marc:subfield><marc:subfield code="p">1342.e.5.(1.)</marc:subfield><marc:subfield code="x">2784640094</marc:subfield></marc:datafield></marc:record>