
<marc:record><marc:leader>00821cam a22001693  4500</marc:leader>
<marc:controlfield tag="001">000001199</marc:controlfield>
<marc:controlfield tag="003">Uk</marc:controlfield><marc:controlfield tag="005">20110224145400.0</marc:controlfield><marc:controlfield tag="008">870813|1879|||||||    ||     ||| |||||  </marc:controlfield><marc:datafield tag="040" ind1=" " ind2=" "><marc:subfield code="a">Uk</marc:subfield><marc:subfield code="c">Uk</marc:subfield></marc:datafield><marc:datafield tag="100" ind1="1" ind2=" "><marc:subfield code="a">A., V. S.</marc:subfield></marc:datafield><marc:datafield tag="245" ind1="1" ind2="0"><marc:subfield code="a">Relazione del furto e ritrovamento della sacra immagine di Maria Santissima, detta della Provvidenza, avvenuti nella parrocchia di Piumazzo nel dicembre 1878. [Signed: V. S. A.] .</marc:subfield></marc:datafield><marc:datafield tag="260" ind1=" " ind2=" "><marc:subfield code="a">Bologna,</marc:subfield><marc:subfield code="c">1879.</marc:subfield></marc:datafield><marc:datafield tag="300" ind1=" " ind2=" "><marc:subfield code="a">14 p. ;</marc:subfield><marc:subfield code="c">16º.</marc:subfield></marc:datafield><marc:datafield tag="710" ind1="2" ind2=" "><marc:subfield code="a">Churches and Institutions (MARY, the Blessed Virgin).</marc:subfield><marc:subfield code="b">Piumazzo.</marc:subfield><marc:subfield code="b">Immagine di Maria Santissima detta della Provvidenza.</marc:subfield></marc:datafield><marc:datafield tag="852" ind1="4" ind2="1"><marc:subfield code="a">British Library</marc:subfield><marc:subfield code="b">HMNTS</marc:subfield><marc:subfield code="j">3900.a.13.(4.)</marc:subfield></marc:datafield><marc:datafield tag="886" ind1="2" ind2=" "><marc:subfield code="2">blmarc</marc:subfield><marc:subfield code="a">709</marc:subfield><marc:subfield code="b">00</marc:subfield><marc:subfield code="a">MARY, the Blessed Virgin</marc:subfield><marc:subfield code="d">Churches and Institutions</marc:subfield><marc:subfield code="d">Piumazzo</marc:subfield><marc:subfield code="d">Immagine di Maria Santissima detta della Provvidenza</marc:subfield><marc:subfield code="p">3900.a.13.(4.)</marc:subfield><marc:subfield code="x">213474023X</marc:subfield></marc:datafield></marc:record>