
<marc:record><marc:leader>00671cam a22001573  4500</marc:leader>
<marc:controlfield tag="001">000001201</marc:controlfield>
<marc:controlfield tag="003">Uk</marc:controlfield><marc:controlfield tag="005">20050519120513.0</marc:controlfield><marc:controlfield tag="008">870813s1875    enk    ||     ||| ||eng  </marc:controlfield><marc:datafield tag="040" ind1=" " ind2=" "><marc:subfield code="a">Uk</marc:subfield><marc:subfield code="c">Uk</marc:subfield></marc:datafield><marc:datafield tag="100" ind1="1" ind2=" "><marc:subfield code="a">ARTHUR, William,</marc:subfield><marc:subfield code="c">Captain, R.N.</marc:subfield></marc:datafield><marc:datafield tag="245" ind1="1" ind2="4"><marc:subfield code="a">The Active list of the future :</marc:subfield><marc:subfield code="b">showing the probable state of the Navy List as regards admirals and captains, between the years 1875 and 1890 ... /</marc:subfield><marc:subfield code="c">by the author of &quot;The Active List.&quot; [The introduction signed: W. A., i.e. William Arthur.]</marc:subfield></marc:datafield><marc:datafield tag="260" ind1=" " ind2=" "><marc:subfield code="a">London :</marc:subfield><marc:subfield code="b">J. Griffin &amp; Co.,</marc:subfield><marc:subfield code="c">1875.</marc:subfield></marc:datafield><marc:datafield tag="300" ind1=" " ind2=" "><marc:subfield code="a">viii, 10 p. ;</marc:subfield><marc:subfield code="c">8º.</marc:subfield></marc:datafield><marc:datafield tag="610" ind1="1" ind2="0"><marc:subfield code="a">Great Britain.</marc:subfield><marc:subfield code="b">Royal Navy</marc:subfield><marc:subfield code="v">Registers.</marc:subfield></marc:datafield><marc:datafield tag="852" ind1="4" ind2="1"><marc:subfield code="a">British Library</marc:subfield><marc:subfield code="b">HMNTS</marc:subfield><marc:subfield code="j">8806.dd.1.(12.)</marc:subfield></marc:datafield></marc:record>