
<marc:record><marc:leader>00674cam a22001693  4500</marc:leader>
<marc:controlfield tag="001">000001213</marc:controlfield>
<marc:controlfield tag="003">Uk</marc:controlfield><marc:controlfield tag="005">20080410090940.0</marc:controlfield><marc:controlfield tag="008">870813|1824|||||||    ||     ||| |||||  </marc:controlfield><marc:datafield tag="040" ind1=" " ind2=" "><marc:subfield code="a">Uk</marc:subfield><marc:subfield code="c">Uk</marc:subfield></marc:datafield><marc:datafield tag="100" ind1="1" ind2=" "><marc:subfield code="a">Alexander, William,</marc:subfield><marc:subfield code="d">1794-1859.</marc:subfield></marc:datafield><marc:datafield tag="245" ind1="1" ind2="0"><marc:subfield code="a">Fruits of Piety, exhibited in a collection of narratives respecting children and young persons. [The preface signed: W. A., i.e. William Alexander, of York.]</marc:subfield></marc:datafield><marc:datafield tag="260" ind1=" " ind2=" "><marc:subfield code="a">York :</marc:subfield><marc:subfield code="b">Alexander &amp; Son,</marc:subfield><marc:subfield code="c">1824, 25.</marc:subfield></marc:datafield><marc:datafield tag="300" ind1=" " ind2=" "><marc:subfield code="a">2 vol. ;</marc:subfield><marc:subfield code="c">12º.</marc:subfield></marc:datafield><marc:datafield tag="852" ind1="4" ind2="1"><marc:subfield code="a">British Library</marc:subfield><marc:subfield code="b">HMNTS</marc:subfield><marc:subfield code="j">1124.a.13.</marc:subfield></marc:datafield><marc:datafield tag="886" ind1="2" ind2=" "><marc:subfield code="2">blmarc</marc:subfield><marc:subfield code="a">709</marc:subfield><marc:subfield code="b">00</marc:subfield><marc:subfield code="a">ALEXANDER</marc:subfield><marc:subfield code="h">William</marc:subfield><marc:subfield code="f">of York</marc:subfield><marc:subfield code="p">1124.a.13.</marc:subfield><marc:subfield code="x">0051720183</marc:subfield></marc:datafield><marc:datafield tag="886" ind1="2" ind2=" "><marc:subfield code="2">blmarc</marc:subfield><marc:subfield code="a">709</marc:subfield><marc:subfield code="b">00</marc:subfield><marc:subfield code="a">FRUITS</marc:subfield><marc:subfield code="p">1124.a.13.</marc:subfield><marc:subfield code="x">1172050155</marc:subfield></marc:datafield></marc:record>