
<marc:record><marc:leader>00724cam a22001693  4500</marc:leader>
<marc:controlfield tag="001">000001218</marc:controlfield>
<marc:controlfield tag="003">Uk</marc:controlfield><marc:controlfield tag="005">20080410091538.0</marc:controlfield><marc:controlfield tag="008">870813|1825|||||||    ||     ||| ||eng  </marc:controlfield><marc:datafield tag="040" ind1=" " ind2=" "><marc:subfield code="a">Uk</marc:subfield><marc:subfield code="c">Uk</marc:subfield></marc:datafield><marc:datafield tag="100" ind1="1" ind2=" "><marc:subfield code="a">Alexander, William,</marc:subfield><marc:subfield code="d">1794-1859.</marc:subfield></marc:datafield><marc:datafield tag="245" ind1="1" ind2="4"><marc:subfield code="a">The Juvenile Gleaner: or, anecdotes and miscellaneous pieces designed for amusement &amp; instruction. By the author of A Brief Historical Catechism of the Holy Scriptures (W. A. [i.e. William Alexander]).</marc:subfield></marc:datafield><marc:datafield tag="260" ind1=" " ind2=" "><marc:subfield code="a">York :</marc:subfield><marc:subfield code="b">W. Alexander &amp; Son,</marc:subfield><marc:subfield code="c">1825.</marc:subfield></marc:datafield><marc:datafield tag="300" ind1=" " ind2=" "><marc:subfield code="a">220 p. ;</marc:subfield><marc:subfield code="c">12º.</marc:subfield></marc:datafield><marc:datafield tag="852" ind1="4" ind2="1"><marc:subfield code="a">British Library</marc:subfield><marc:subfield code="b">HMNTS</marc:subfield><marc:subfield code="j">12809.df.10.</marc:subfield></marc:datafield><marc:datafield tag="886" ind1="2" ind2=" "><marc:subfield code="2">blmarc</marc:subfield><marc:subfield code="a">709</marc:subfield><marc:subfield code="b">00</marc:subfield><marc:subfield code="a">ALEXANDER</marc:subfield><marc:subfield code="h">William</marc:subfield><marc:subfield code="f">of York</marc:subfield><marc:subfield code="p">12809.df.10.</marc:subfield><marc:subfield code="x">0051720205</marc:subfield></marc:datafield><marc:datafield tag="886" ind1="2" ind2=" "><marc:subfield code="2">blmarc</marc:subfield><marc:subfield code="a">709</marc:subfield><marc:subfield code="b">00</marc:subfield><marc:subfield code="a">GLEANER</marc:subfield><marc:subfield code="p">12809.df.10.</marc:subfield><marc:subfield code="x">1261770145</marc:subfield></marc:datafield></marc:record>