
<marc:record><marc:leader>00734cam a22001693  4500</marc:leader>
<marc:controlfield tag="001">000001243</marc:controlfield>
<marc:controlfield tag="003">Uk</marc:controlfield><marc:controlfield tag="005">20120302164100.0</marc:controlfield><marc:controlfield tag="008">870813|1858|||||||    ||     ||| ||eng  </marc:controlfield><marc:datafield tag="040" ind1=" " ind2=" "><marc:subfield code="a">Uk</marc:subfield><marc:subfield code="c">Uk</marc:subfield></marc:datafield><marc:datafield tag="100" ind1="1" ind2=" "><marc:subfield code="a">A., W. C.</marc:subfield></marc:datafield><marc:datafield tag="245" ind1="1" ind2="4"><marc:subfield code="a">The Longitude Controversy. [A letter, signed: W. C. A., on a pamphlet entitled “Price on the Longitude” ... With Mr. Price's solution and reply.]</marc:subfield></marc:datafield><marc:datafield tag="260" ind1=" " ind2=" "><marc:subfield code="a">[London,</marc:subfield><marc:subfield code="c">1858]</marc:subfield></marc:datafield><marc:datafield tag="300" ind1=" " ind2=" "><marc:subfield code="c">fol.</marc:subfield></marc:datafield><marc:datafield tag="700" ind1="1" ind2=" "><marc:subfield code="a">PRICE, Arthur Wellington.</marc:subfield><marc:subfield code="t">On the Longitude and the easiest methods of ascertaining the same.</marc:subfield></marc:datafield><marc:datafield tag="852" ind1="4" ind2="1"><marc:subfield code="a">British Library</marc:subfield><marc:subfield code="b">HMNTS</marc:subfield><marc:subfield code="j">717.m.19.(131.)</marc:subfield></marc:datafield><marc:datafield tag="886" ind1="2" ind2=" "><marc:subfield code="2">blmarc</marc:subfield><marc:subfield code="a">709</marc:subfield><marc:subfield code="b">00</marc:subfield><marc:subfield code="a">PRICE</marc:subfield><marc:subfield code="h">Arthur Wellington</marc:subfield><marc:subfield code="t">On the Longitude and the easiest methods of ascertaining the same.</marc:subfield><marc:subfield code="p">717.m.19.(131.)</marc:subfield><marc:subfield code="x">2652830260</marc:subfield></marc:datafield></marc:record>