
<marc:record><marc:leader>00762cam a22001933  4500</marc:leader>
<marc:controlfield tag="001">000001244</marc:controlfield>
<marc:controlfield tag="003">Uk</marc:controlfield><marc:controlfield tag="005">20130712133838.0</marc:controlfield><marc:controlfield tag="008">870813|1839|||||||    ||     ||| |||||  </marc:controlfield><marc:datafield tag="040" ind1=" " ind2=" "><marc:subfield code="a">Uk</marc:subfield><marc:subfield code="c">Uk</marc:subfield></marc:datafield><marc:datafield tag="100" ind1="1" ind2=" "><marc:subfield code="a">A., W. C. Gr. v.</marc:subfield></marc:datafield><marc:datafield tag="245" ind1="1" ind2="0"><marc:subfield code="a">Kaspar Hauser, oder die richtige Enthüllung der Geheimmisse über Hausers Herkunft ... Herausgegeben von W. C. Gr. v. A. [i.e. Caroline Albersdorf.] Zweite, vermehrte ... Auflage.</marc:subfield></marc:datafield><marc:datafield tag="260" ind1=" " ind2=" "><marc:subfield code="a">München,</marc:subfield><marc:subfield code="c">1839.</marc:subfield></marc:datafield><marc:datafield tag="300" ind1=" " ind2=" "><marc:subfield code="a">2 Bdchen. ;</marc:subfield><marc:subfield code="c">8º.</marc:subfield></marc:datafield><marc:datafield tag="600" ind1="1" ind2="0"><marc:subfield code="a">Hauser, Kaspar,</marc:subfield><marc:subfield code="d">1812-1833.</marc:subfield></marc:datafield><marc:datafield tag="700" ind1="1" ind2=" "><marc:subfield code="a">ALBERSDORF, Caroline.</marc:subfield></marc:datafield><marc:datafield tag="852" ind1="4" ind2="1"><marc:subfield code="a">British Library</marc:subfield><marc:subfield code="b">HMNTS</marc:subfield><marc:subfield code="j">612.e.34.</marc:subfield></marc:datafield><marc:datafield tag="886" ind1="2" ind2=" "><marc:subfield code="2">blmarc</marc:subfield><marc:subfield code="a">709</marc:subfield><marc:subfield code="b">00</marc:subfield><marc:subfield code="a">ALBERSDORF</marc:subfield><marc:subfield code="h">Caroline</marc:subfield><marc:subfield code="p">612.e.34.</marc:subfield><marc:subfield code="x">0042430038</marc:subfield></marc:datafield><marc:datafield tag="886" ind1="2" ind2=" "><marc:subfield code="2">blmarc</marc:subfield><marc:subfield code="a">709</marc:subfield><marc:subfield code="b">00</marc:subfield><marc:subfield code="a">HAUSER</marc:subfield><marc:subfield code="h">Caspar</marc:subfield><marc:subfield code="f">of Nuremberg</marc:subfield><marc:subfield code="p">612.e.34.</marc:subfield><marc:subfield code="x">1421170221</marc:subfield></marc:datafield></marc:record>