
<marc:record><marc:leader>00985cam a22002053  4500</marc:leader>
<marc:controlfield tag="001">000001255</marc:controlfield>
<marc:controlfield tag="003">Uk</marc:controlfield><marc:controlfield tag="005">20130723172100.0</marc:controlfield><marc:controlfield tag="008">980820|1871|||||||    ||     ||| ||eng  </marc:controlfield><marc:datafield tag="040" ind1=" " ind2=" "><marc:subfield code="a">Uk</marc:subfield><marc:subfield code="c">Uk</marc:subfield></marc:datafield><marc:datafield tag="100" ind1="1" ind2=" "><marc:subfield code="a">A., W. N. G.</marc:subfield></marc:datafield><marc:datafield tag="245" ind1="1" ind2="4"><marc:subfield code="a">The Fight at St. Stephen's, otherwise Dame Britain's School, over a wedding present: shewing how the Leicester Pet was thrashed by Big Ben. [A satirical account of Peter Alfred Taylor's speech in Parliament against the marriage grant to Princess Louise.] By W. N. G. A. Tenth thousand.</marc:subfield></marc:datafield><marc:datafield tag="260" ind1=" " ind2=" "><marc:subfield code="a">London :</marc:subfield><marc:subfield code="b">A. G. Dennant ;</marc:subfield><marc:subfield code="a">Leicester :</marc:subfield><marc:subfield code="b">J. &amp; T. Spencer,</marc:subfield><marc:subfield code="c">[1871]</marc:subfield></marc:datafield><marc:datafield tag="260" ind1=" " ind2=" "><marc:subfield code="a">London :</marc:subfield><marc:subfield code="b">A. G. Dennant ;</marc:subfield><marc:subfield code="a">Leicester :</marc:subfield><marc:subfield code="b">J. &amp; T. Spencer,</marc:subfield><marc:subfield code="c">[1871]</marc:subfield></marc:datafield><marc:datafield tag="300" ind1=" " ind2=" "><marc:subfield code="a">12 p. ;</marc:subfield><marc:subfield code="c">8º.</marc:subfield></marc:datafield><marc:datafield tag="300" ind1=" " ind2=" "><marc:subfield code="a">12 p. ;</marc:subfield><marc:subfield code="c">8º.</marc:subfield></marc:datafield><marc:datafield tag="700" ind1="1" ind2=" "><marc:subfield code="a">Taylor, P. A.</marc:subfield><marc:subfield code="q">(Peter Alfred),</marc:subfield><marc:subfield code="d">1819-1891.</marc:subfield></marc:datafield><marc:datafield tag="852" ind1="4" ind2="1"><marc:subfield code="a">British Library</marc:subfield><marc:subfield code="b">HMNTS</marc:subfield><marc:subfield code="j">8138.ee.35.</marc:subfield></marc:datafield><marc:datafield tag="852" ind1="4" ind2="1"><marc:subfield code="a">British Library</marc:subfield><marc:subfield code="b">HMNTS</marc:subfield><marc:subfield code="j">C.193.b.17.(65.)</marc:subfield><marc:subfield code="3">[Another copy.]</marc:subfield></marc:datafield><marc:datafield tag="886" ind1="2" ind2=" "><marc:subfield code="2">blmarc</marc:subfield><marc:subfield code="a">709</marc:subfield><marc:subfield code="b">00</marc:subfield><marc:subfield code="a">TAYLOR</marc:subfield><marc:subfield code="h">Peter Alfred</marc:subfield><marc:subfield code="p">8138.ee.35.</marc:subfield><marc:subfield code="x">3220070035</marc:subfield></marc:datafield></marc:record>