
<marc:record><marc:leader>00563cam a22001693  4500</marc:leader>
<marc:controlfield tag="001">000001256</marc:controlfield>
<marc:controlfield tag="003">Uk</marc:controlfield><marc:controlfield tag="005">20130508174800.0</marc:controlfield><marc:controlfield tag="008">870813|1875||||enk    ||     ||| |||||  </marc:controlfield><marc:datafield tag="040" ind1=" " ind2=" "><marc:subfield code="a">Uk</marc:subfield><marc:subfield code="c">Uk</marc:subfield></marc:datafield><marc:datafield tag="100" ind1="1" ind2=" "><marc:subfield code="a">A., W. P.,</marc:subfield><marc:subfield code="c">Coll. Emman. Cant. olim Socius.</marc:subfield></marc:datafield><marc:datafield tag="245" ind1="1" ind2="0"><marc:subfield code="a">Nugæ bucolicæ. Scripsit W. P. A. [i.e. William P. Anderson.]</marc:subfield></marc:datafield><marc:datafield tag="260" ind1=" " ind2=" "><marc:subfield code="a">London :</marc:subfield><marc:subfield code="b">G. Bell &amp; Sons,</marc:subfield><marc:subfield code="c">1875.</marc:subfield></marc:datafield><marc:datafield tag="300" ind1=" " ind2=" "><marc:subfield code="a">35 p. ;</marc:subfield><marc:subfield code="c">8º.</marc:subfield></marc:datafield><marc:datafield tag="700" ind1="1" ind2=" "><marc:subfield code="a">ANDERSON, William Paley.</marc:subfield></marc:datafield><marc:datafield tag="852" ind1="4" ind2="1"><marc:subfield code="a">British Library</marc:subfield><marc:subfield code="b">HMNTS</marc:subfield><marc:subfield code="j">11409.bbb.1.</marc:subfield></marc:datafield><marc:datafield tag="886" ind1="2" ind2=" "><marc:subfield code="2">blmarc</marc:subfield><marc:subfield code="a">709</marc:subfield><marc:subfield code="b">00</marc:subfield><marc:subfield code="a">ANDERSON</marc:subfield><marc:subfield code="h">William Paley</marc:subfield><marc:subfield code="p">11409.bbb.1.</marc:subfield><marc:subfield code="x">0080910076</marc:subfield></marc:datafield></marc:record>