
<marc:record><marc:leader>00773cam a22001933  4500</marc:leader>
<marc:controlfield tag="001">000001258</marc:controlfield>
<marc:controlfield tag="003">Uk</marc:controlfield><marc:controlfield tag="005">20090330160547.0</marc:controlfield><marc:controlfield tag="008">870813|1884|||||||    ||    o||| |||||  </marc:controlfield><marc:datafield tag="040" ind1=" " ind2=" "><marc:subfield code="a">Uk</marc:subfield><marc:subfield code="c">Uk</marc:subfield></marc:datafield><marc:datafield tag="100" ind1="1" ind2=" "><marc:subfield code="a">A., W. W.</marc:subfield></marc:datafield><marc:datafield tag="245" ind1="1" ind2="3"><marc:subfield code="a">An American View of our House of Lords. To the Editor of the Hertford Courant, Connect., U.S.A. [Two letters signed: W. W. A., i.e. William W. Andrews.]</marc:subfield></marc:datafield><marc:datafield tag="260" ind1=" " ind2=" "><marc:subfield code="c">[1884]</marc:subfield></marc:datafield><marc:datafield tag="300" ind1=" " ind2=" "><marc:subfield code="a">2 pt. ;</marc:subfield><marc:subfield code="c">8º.</marc:subfield></marc:datafield><marc:datafield tag="700" ind1="1" ind2=" "><marc:subfield code="a">ANDREWS, William Watson.</marc:subfield></marc:datafield><marc:datafield tag="710" ind1="1" ind2=" "><marc:subfield code="a">Great Britain.</marc:subfield><marc:subfield code="b">Parliament.</marc:subfield><marc:subfield code="b">House of Lords.</marc:subfield><marc:subfield code="t">Appendix.</marc:subfield></marc:datafield><marc:datafield tag="852" ind1="4" ind2="1"><marc:subfield code="a">British Library</marc:subfield><marc:subfield code="b">HMNTS</marc:subfield><marc:subfield code="j">764.i.5.(18.)</marc:subfield></marc:datafield><marc:datafield tag="886" ind1="2" ind2=" "><marc:subfield code="2">blmarc</marc:subfield><marc:subfield code="a">709</marc:subfield><marc:subfield code="b">00</marc:subfield><marc:subfield code="a">ANDREWS</marc:subfield><marc:subfield code="h">William Watson</marc:subfield><marc:subfield code="p">764.i.5.(18.)</marc:subfield><marc:subfield code="x">0083080244</marc:subfield></marc:datafield><marc:datafield tag="886" ind1="2" ind2=" "><marc:subfield code="2">blmarc</marc:subfield><marc:subfield code="a">709</marc:subfield><marc:subfield code="b">00</marc:subfield><marc:subfield code="a">ENGLAND</marc:subfield><marc:subfield code="d">Parliament</marc:subfield><marc:subfield code="d">House of Lords</marc:subfield><marc:subfield code="t">Appendix</marc:subfield><marc:subfield code="p">764.i.5.(18.)</marc:subfield><marc:subfield code="x">0962170127</marc:subfield></marc:datafield></marc:record>