
<marc:record><marc:leader>00981cam a22001933  4500</marc:leader>
<marc:controlfield tag="001">000001261</marc:controlfield>
<marc:controlfield tag="003">Uk</marc:controlfield><marc:controlfield tag="005">20120420175200.0</marc:controlfield><marc:controlfield tag="008">870813|1851|||||||    ||     ||| |||||  </marc:controlfield><marc:datafield tag="040" ind1=" " ind2=" "><marc:subfield code="a">Uk</marc:subfield><marc:subfield code="c">Uk</marc:subfield></marc:datafield><marc:datafield tag="100" ind1="1" ind2=" "><marc:subfield code="a">A., X.</marc:subfield></marc:datafield><marc:datafield tag="245" ind1="1" ind2="0"><marc:subfield code="a">Forsvar for det, som Hr. Mag. C. F. Allen kalder Heelstaten. Af X. A. [i.e. J. C. Lütken.] [A criticism of C. F. Allen's “Skal Danmark være et selvstandigt Rige eller Tydsklands Vasal?”]</marc:subfield></marc:datafield><marc:datafield tag="260" ind1=" " ind2=" "><marc:subfield code="a">Kjøbenhavn,</marc:subfield><marc:subfield code="c">1851.</marc:subfield></marc:datafield><marc:datafield tag="300" ind1=" " ind2=" "><marc:subfield code="a">40 p. ;</marc:subfield><marc:subfield code="c">8º.</marc:subfield></marc:datafield><marc:datafield tag="700" ind1="1" ind2=" "><marc:subfield code="a">ALLEN, Carl Ferdinand.</marc:subfield><marc:subfield code="t">Skal Danmark være et selvstændigt Rige eller Tydsklands Vasal? ... Særskilt Aftryk af Dansk Tidsskrift.</marc:subfield></marc:datafield><marc:datafield tag="700" ind1="1" ind2=" "><marc:subfield code="a">LÜTKEN, Johannes Christian.</marc:subfield></marc:datafield><marc:datafield tag="852" ind1="4" ind2="1"><marc:subfield code="a">British Library</marc:subfield><marc:subfield code="b">HMNTS</marc:subfield><marc:subfield code="j">8092.c.7.</marc:subfield></marc:datafield><marc:datafield tag="886" ind1="2" ind2=" "><marc:subfield code="2">blmarc</marc:subfield><marc:subfield code="a">709</marc:subfield><marc:subfield code="b">00</marc:subfield><marc:subfield code="a">ALLEN</marc:subfield><marc:subfield code="h">Carl Ferdinand</marc:subfield><marc:subfield code="t">Skal Danmark være et selvstændigt Rige eller Tydsklands Vasal? ... Særskilt Aftryk af Dansk Tidsskrift.</marc:subfield><marc:subfield code="p">8092.c.7.</marc:subfield><marc:subfield code="x">0054300223</marc:subfield></marc:datafield><marc:datafield tag="886" ind1="2" ind2=" "><marc:subfield code="2">blmarc</marc:subfield><marc:subfield code="a">709</marc:subfield><marc:subfield code="b">00</marc:subfield><marc:subfield code="a">LÜTKEN</marc:subfield><marc:subfield code="h">Johannes Christian</marc:subfield><marc:subfield code="p">8092.c.7.</marc:subfield><marc:subfield code="x">2032300133</marc:subfield></marc:datafield></marc:record>