
<marc:record><marc:leader>01230cam a22002173  4500</marc:leader>
<marc:controlfield tag="001">000001271</marc:controlfield>
<marc:controlfield tag="003">Uk</marc:controlfield><marc:controlfield tag="005">20120210152800.0</marc:controlfield><marc:controlfield tag="008">870813|1820|||||||    ||    |||| |||||  </marc:controlfield><marc:datafield tag="040" ind1=" " ind2=" "><marc:subfield code="a">Uk</marc:subfield><marc:subfield code="c">Uk</marc:subfield></marc:datafield><marc:datafield tag="245" ind1="1" ind2="5"><marc:subfield code="a">[The Political &quot;A Apple Pie&quot;; or, the &quot;Extraordinary Red Book&quot; versified ... By the author of &quot;The House that Jack built&quot; [i.e. William Hone]. With twenty-three cuts. [By Georg Cruikshank.] Ms. notes [in pencil].]</marc:subfield></marc:datafield><marc:datafield tag="250" ind1=" " ind2=" "><marc:subfield code="a">The third edition.</marc:subfield></marc:datafield><marc:datafield tag="260" ind1=" " ind2=" "><marc:subfield code="a">London :</marc:subfield><marc:subfield code="b">J. Johnston,</marc:subfield><marc:subfield code="c">1820.</marc:subfield></marc:datafield><marc:datafield tag="300" ind1=" " ind2=" "><marc:subfield code="c">8º.</marc:subfield></marc:datafield><marc:datafield tag="500" ind1=" " ind2=" "><marc:subfield code="a">Printed for the author.</marc:subfield></marc:datafield><marc:datafield tag="700" ind1="1" ind2=" "><marc:subfield code="a">Cruikshank, George,</marc:subfield><marc:subfield code="d">1792-1878.</marc:subfield><marc:subfield code="t">Works illustrated by Cruikshank.</marc:subfield></marc:datafield><marc:datafield tag="720" ind1=" " ind2=" "><marc:subfield code="a">A., APPLE PIE</marc:subfield><marc:subfield code="e">main entry</marc:subfield></marc:datafield><marc:datafield tag="787" ind1="0" ind2=" "><marc:subfield code="t">The Political “A Apple Pie”; or, the “Extraordinary Red Book” versified ... By the author of “The House that Jack built” [i.e. William Hone]. With twenty-three cuts. [By Georg Cruikshank.] Ms. notes [in pencil].</marc:subfield><marc:subfield code="d">London, J. Johnston: 1820. 8º.</marc:subfield><marc:subfield code="w">(Uk)MP1.0000001225</marc:subfield></marc:datafield><marc:datafield tag="852" ind1="4" ind2="1"><marc:subfield code="a">British Library</marc:subfield><marc:subfield code="b">HMNTS</marc:subfield><marc:subfield code="j">T.1274.(4.)</marc:subfield></marc:datafield><marc:datafield tag="852" ind1="4" ind2="1"><marc:subfield code="a">British Library</marc:subfield><marc:subfield code="b">HMNTS</marc:subfield><marc:subfield code="j">G.18982.(28.)</marc:subfield><marc:subfield code="3">[Another copy.]</marc:subfield></marc:datafield><marc:datafield tag="886" ind1="2" ind2=" "><marc:subfield code="2">blmarc</marc:subfield><marc:subfield code="a">709</marc:subfield><marc:subfield code="b">00</marc:subfield><marc:subfield code="a">CRUIKSHANK</marc:subfield><marc:subfield code="h">George</marc:subfield><marc:subfield code="f">the Elder</marc:subfield><marc:subfield code="t">Works illustrated by Cruikshank</marc:subfield><marc:subfield code="p">C.131.d.10.(6.)</marc:subfield><marc:subfield code="x">0733720080</marc:subfield><marc:subfield code="p">T.1274.(4.)</marc:subfield><marc:subfield code="x">0733720080</marc:subfield></marc:datafield></marc:record>