
<marc:record><marc:leader>01132cam a22002053  4500</marc:leader>
<marc:controlfield tag="001">000001274</marc:controlfield>
<marc:controlfield tag="003">Uk</marc:controlfield><marc:controlfield tag="005">20120210152800.0</marc:controlfield><marc:controlfield tag="008">870813|1820|||||||    ||    |||| |||||  </marc:controlfield><marc:datafield tag="040" ind1=" " ind2=" "><marc:subfield code="a">Uk</marc:subfield><marc:subfield code="c">Uk</marc:subfield></marc:datafield><marc:datafield tag="245" ind1="1" ind2="5"><marc:subfield code="a">[The Political &quot;A, Apple Pie&quot; ... By the author of &quot;The House that Jack built&quot; [i.e. William Hone] ... The sixth edition.]</marc:subfield></marc:datafield><marc:datafield tag="250" ind1=" " ind2=" "><marc:subfield code="a">[Another edition.] The Political “A, Apple Pie;” or, the “Extraordinary Red Book” versified ... By the author of “The House that Jack built” [i.e. William Hone] ... The eighth edition.</marc:subfield></marc:datafield><marc:datafield tag="260" ind1=" " ind2=" "><marc:subfield code="a">London :</marc:subfield><marc:subfield code="b">J. Johnston,</marc:subfield><marc:subfield code="c">1820.</marc:subfield></marc:datafield><marc:datafield tag="300" ind1=" " ind2=" "><marc:subfield code="c">8º.</marc:subfield></marc:datafield><marc:datafield tag="500" ind1=" " ind2=" "><marc:subfield code="a">Printed for the author.</marc:subfield></marc:datafield><marc:datafield tag="700" ind1="1" ind2=" "><marc:subfield code="a">Hone, William,</marc:subfield><marc:subfield code="d">1780-1842.</marc:subfield><marc:subfield code="t">Single Works.</marc:subfield></marc:datafield><marc:datafield tag="720" ind1=" " ind2=" "><marc:subfield code="a">A., APPLE PIE</marc:subfield><marc:subfield code="e">main entry</marc:subfield></marc:datafield><marc:datafield tag="787" ind1="0" ind2=" "><marc:subfield code="t">The Political “A, Apple Pie” ... By the author of “The House that Jack built” [i.e. William Hone] ... The sixth edition.</marc:subfield><marc:subfield code="d">Printed for the Author; sold by J. Johnston: London, 1820. 8º.</marc:subfield><marc:subfield code="w">(Uk)MP1.0000001227</marc:subfield></marc:datafield><marc:datafield tag="852" ind1="4" ind2="1"><marc:subfield code="a">British Library</marc:subfield><marc:subfield code="b">HMNTS</marc:subfield><marc:subfield code="j">1509/787.</marc:subfield></marc:datafield><marc:datafield tag="886" ind1="2" ind2=" "><marc:subfield code="2">blmarc</marc:subfield><marc:subfield code="a">709</marc:subfield><marc:subfield code="b">00</marc:subfield><marc:subfield code="a">HONE</marc:subfield><marc:subfield code="h">William</marc:subfield><marc:subfield code="f">Bookseller</marc:subfield><marc:subfield code="t">Single Works</marc:subfield><marc:subfield code="p">09525.l.32.(8.)</marc:subfield><marc:subfield code="x">1520150156</marc:subfield><marc:subfield code="p">1509/787.</marc:subfield><marc:subfield code="x">1520150172</marc:subfield></marc:datafield></marc:record>