
<marc:record><marc:leader>00724cam a22001813  4500</marc:leader>
<marc:controlfield tag="001">000001280</marc:controlfield>
<marc:controlfield tag="003">Uk</marc:controlfield><marc:controlfield tag="005">20080730090121.0</marc:controlfield><marc:controlfield tag="008">870813|1802|||||||    ||    |||| |||||  </marc:controlfield><marc:datafield tag="040" ind1=" " ind2=" "><marc:subfield code="a">Uk</marc:subfield><marc:subfield code="c">Uk</marc:subfield></marc:datafield><marc:datafield tag="100" ind1="1" ind2=" "><marc:subfield code="a">JACKSON, Edward,</marc:subfield><marc:subfield code="c">Rector of Southam, and CARTE (Samuel)</marc:subfield></marc:datafield><marc:datafield tag="245" ind1="1" ind2="3"><marc:subfield code="a">An Account of the many and great Loans, Benefactions and Charities, belonging to the City of Coventry ... A new edition. [The dedication signed: AB, CD, EF, GH, &amp;c. By Edward Jackson and Samuel Carte.]</marc:subfield></marc:datafield><marc:datafield tag="260" ind1=" " ind2=" "><marc:subfield code="a">Coventry :</marc:subfield><marc:subfield code="b">Printed by J. Turner ;</marc:subfield><marc:subfield code="a">London :</marc:subfield><marc:subfield code="b">sold by R. S. Kirby: ,</marc:subfield><marc:subfield code="c">1802.</marc:subfield></marc:datafield><marc:datafield tag="300" ind1=" " ind2=" "><marc:subfield code="a">ix. 216 p. ;</marc:subfield><marc:subfield code="c">8º.</marc:subfield></marc:datafield><marc:datafield tag="651" ind1=" " ind2="0"><marc:subfield code="a">Coventry (England)</marc:subfield></marc:datafield><marc:datafield tag="700" ind1="1" ind2=" "><marc:subfield code="a">CARTE, Samuel.</marc:subfield></marc:datafield><marc:datafield tag="700" ind1="0" ind2=" "><marc:subfield code="a">A. B.</marc:subfield></marc:datafield><marc:datafield tag="852" ind1="4" ind2="1"><marc:subfield code="a">British Library</marc:subfield><marc:subfield code="b">HMNTS</marc:subfield><marc:subfield code="j">1430.g.17.</marc:subfield></marc:datafield></marc:record>