
<marc:record><marc:leader>00403cam a22001333  4500</marc:leader>
<marc:controlfield tag="001">000001294</marc:controlfield>
<marc:controlfield tag="003">Uk</marc:controlfield><marc:controlfield tag="005">20080730083325.0</marc:controlfield><marc:controlfield tag="008">870813|1835|||||||    ||    |||| |||||  </marc:controlfield><marc:datafield tag="040" ind1=" " ind2=" "><marc:subfield code="a">Uk</marc:subfield><marc:subfield code="c">Uk</marc:subfield></marc:datafield><marc:datafield tag="245" ind1="0" ind2="0"><marc:subfield code="a">Begin. A. B. C., etc. [A primer, containing various prayers, etc. of the Church of Rome, in Latin and Italian.]</marc:subfield></marc:datafield><marc:datafield tag="260" ind1=" " ind2=" "><marc:subfield code="a">Ancona,</marc:subfield><marc:subfield code="c">[1835?]</marc:subfield></marc:datafield><marc:datafield tag="300" ind1=" " ind2=" "><marc:subfield code="c">8º.</marc:subfield></marc:datafield><marc:datafield tag="852" ind1="4" ind2="1"><marc:subfield code="a">British Library</marc:subfield><marc:subfield code="b">HMNTS</marc:subfield><marc:subfield code="j">D-3365.aa.5.</marc:subfield></marc:datafield></marc:record>