
<marc:record><marc:leader>00428cam a22001333  4500</marc:leader>
<marc:controlfield tag="001">000001316</marc:controlfield>
<marc:controlfield tag="003">Uk</marc:controlfield><marc:controlfield tag="005">20080730083231.0</marc:controlfield><marc:controlfield tag="008">870813|1811|||||||    ||    |||| |||||  </marc:controlfield><marc:datafield tag="040" ind1=" " ind2=" "><marc:subfield code="a">Uk</marc:subfield><marc:subfield code="c">Uk</marc:subfield></marc:datafield><marc:datafield tag="245" ind1="0" ind2="3"><marc:subfield code="a">Yr A, B, C, neu y llyfr cyntaf i ddechreu dysgu darllain Cymraeg ... At yr hyn chwanegwyd, Catecism yr Eglwys.</marc:subfield></marc:datafield><marc:datafield tag="260" ind1=" " ind2=" "><marc:subfield code="a">Caerlleon :</marc:subfield><marc:subfield code="b">J. Fletcher,</marc:subfield><marc:subfield code="c">1811.</marc:subfield></marc:datafield><marc:datafield tag="300" ind1=" " ind2=" "><marc:subfield code="a">16 p. ;</marc:subfield><marc:subfield code="c">12º.</marc:subfield></marc:datafield><marc:datafield tag="852" ind1="4" ind2="1"><marc:subfield code="a">British Library</marc:subfield><marc:subfield code="b">HMNTS</marc:subfield><marc:subfield code="j">12978.aaa.2.</marc:subfield></marc:datafield></marc:record>