
<marc:record><marc:leader>00729cam a22001573  4500</marc:leader>
<marc:controlfield tag="001">000001342</marc:controlfield>
<marc:controlfield tag="003">Uk</marc:controlfield><marc:controlfield tag="005">20080730083640.0</marc:controlfield><marc:controlfield tag="008">870813|1804||||enk    ||    |||| |||||  </marc:controlfield><marc:datafield tag="040" ind1=" " ind2=" "><marc:subfield code="a">Uk</marc:subfield><marc:subfield code="c">Uk</marc:subfield></marc:datafield><marc:datafield tag="245" ind1="0" ind2="5"><marc:subfield code="a">[The ABC with the catechism, that is to say an instruction to be learned of every person, before he be brought to be confirmed by the Bishop.]</marc:subfield></marc:datafield><marc:datafield tag="250" ind1=" " ind2=" "><marc:subfield code="a">[Another edition.]</marc:subfield></marc:datafield><marc:datafield tag="260" ind1=" " ind2=" "><marc:subfield code="a">Salisbury :</marc:subfield><marc:subfield code="b">B. C. Collins,</marc:subfield><marc:subfield code="c">1804.</marc:subfield></marc:datafield><marc:datafield tag="300" ind1=" " ind2=" "><marc:subfield code="a">16 p. ;</marc:subfield><marc:subfield code="c">4º.</marc:subfield></marc:datafield><marc:datafield tag="787" ind1="0" ind2=" "><marc:subfield code="t">The ABC with the catechism, that is to say an instruction to be learned of every person, before he be brought to be confirmed by the Bishop.</marc:subfield><marc:subfield code="w">(Uk)MP1.0000001299</marc:subfield><marc:subfield code="d">[London:] the Company of Stationers, 1775. pp. 16. 8º.</marc:subfield></marc:datafield><marc:datafield tag="852" ind1="4" ind2="1"><marc:subfield code="a">British Library</marc:subfield><marc:subfield code="b">HMNTS</marc:subfield><marc:subfield code="j">3505.bb.50.</marc:subfield></marc:datafield></marc:record>