
<marc:record><marc:leader>00721cam a22001573  4500</marc:leader>
<marc:controlfield tag="001">000001349</marc:controlfield>
<marc:controlfield tag="003">Uk</marc:controlfield><marc:controlfield tag="005">20080730083610.0</marc:controlfield><marc:controlfield tag="008">870813|1800||||stk    ||    |||| |||||  </marc:controlfield><marc:datafield tag="040" ind1=" " ind2=" "><marc:subfield code="a">Uk</marc:subfield><marc:subfield code="c">Uk</marc:subfield></marc:datafield><marc:datafield tag="245" ind1="0" ind2="5"><marc:subfield code="a">[The A B C, with the Shorter Catechism: appointed by the General Assembly, to be a directory for catechising of such as are of weak capacities.]</marc:subfield></marc:datafield><marc:datafield tag="250" ind1=" " ind2=" "><marc:subfield code="a">[Another edition.]</marc:subfield></marc:datafield><marc:datafield tag="260" ind1=" " ind2=" "><marc:subfield code="a">Edinburgh :</marc:subfield><marc:subfield code="b">J. Robertson,</marc:subfield><marc:subfield code="c">1800.</marc:subfield></marc:datafield><marc:datafield tag="300" ind1=" " ind2=" "><marc:subfield code="a">23 p. ;</marc:subfield><marc:subfield code="c">12º.</marc:subfield></marc:datafield><marc:datafield tag="787" ind1="0" ind2=" "><marc:subfield code="t">The A B C, with the Shorter Catechism: appointed by the General Assembly, to be a directory for catechising of such as are of weak capacities.</marc:subfield><marc:subfield code="w">(Uk)MP1.0000001301</marc:subfield><marc:subfield code="d">pp. 24. W. &amp; C. Dicey: London, [1740?] 12º.</marc:subfield></marc:datafield><marc:datafield tag="852" ind1="4" ind2="1"><marc:subfield code="a">British Library</marc:subfield><marc:subfield code="b">HMNTS</marc:subfield><marc:subfield code="j">3504.b.38.</marc:subfield></marc:datafield></marc:record>