
<marc:record><marc:leader>00924cam a22001813  4500</marc:leader>
<marc:controlfield tag="001">000001351</marc:controlfield>
<marc:controlfield tag="003">Uk</marc:controlfield><marc:controlfield tag="005">20080730083351.0</marc:controlfield><marc:controlfield tag="008">870813|1837|||||||    ||    |||| |||||  </marc:controlfield><marc:datafield tag="040" ind1=" " ind2=" "><marc:subfield code="a">Uk</marc:subfield><marc:subfield code="c">Uk</marc:subfield></marc:datafield><marc:datafield tag="245" ind1="0" ind2="5"><marc:subfield code="a">[The A B C, with the Shorter Catechism: appointed by the General Assembly, to be a directory for catechising of such as are of weak capacities.]</marc:subfield></marc:datafield><marc:datafield tag="250" ind1=" " ind2=" "><marc:subfield code="a">[Another edition.] With ... notes by Watts and others.</marc:subfield></marc:datafield><marc:datafield tag="260" ind1=" " ind2=" "><marc:subfield code="a">Glasgow :</marc:subfield><marc:subfield code="b">George Brookman,</marc:subfield><marc:subfield code="c">1837.</marc:subfield></marc:datafield><marc:datafield tag="300" ind1=" " ind2=" "><marc:subfield code="a">24 p. ;</marc:subfield><marc:subfield code="c">12º.</marc:subfield></marc:datafield><marc:datafield tag="700" ind1="1" ind2=" "><marc:subfield code="a">Watts, Isaac,</marc:subfield><marc:subfield code="d">1674-1748.</marc:subfield></marc:datafield><marc:datafield tag="787" ind1="0" ind2=" "><marc:subfield code="t">The A B C, with the Shorter Catechism: appointed by the General Assembly, to be a directory for catechising of such as are of weak capacities.</marc:subfield><marc:subfield code="w">(Uk)MP1.0000001301</marc:subfield><marc:subfield code="d">pp. 24. W. &amp; C. Dicey: London, [1740?] 12º.</marc:subfield></marc:datafield><marc:datafield tag="852" ind1="4" ind2="1"><marc:subfield code="a">British Library</marc:subfield><marc:subfield code="b">HMNTS</marc:subfield><marc:subfield code="j">3505.cc.43.</marc:subfield></marc:datafield><marc:datafield tag="886" ind1="2" ind2=" "><marc:subfield code="2">blmarc</marc:subfield><marc:subfield code="a">709</marc:subfield><marc:subfield code="b">00</marc:subfield><marc:subfield code="a">WATTS</marc:subfield><marc:subfield code="h">Isaac</marc:subfield><marc:subfield code="f">D.D.</marc:subfield><marc:subfield code="t">Works edited or with prefaces by Isaac Watts</marc:subfield><marc:subfield code="p">3505.cc.43.</marc:subfield><marc:subfield code="x">3462500236</marc:subfield></marc:datafield></marc:record>