
<marc:record><marc:leader>00366cam a22001333  4500</marc:leader>
<marc:controlfield tag="001">000001367</marc:controlfield>
<marc:controlfield tag="003">Uk</marc:controlfield><marc:controlfield tag="005">20080730083402.0</marc:controlfield><marc:controlfield tag="008">870813|1840|||||||    ||    |||| ||eng  </marc:controlfield><marc:datafield tag="040" ind1=" " ind2=" "><marc:subfield code="a">Uk</marc:subfield><marc:subfield code="c">Uk</marc:subfield></marc:datafield><marc:datafield tag="245" ind1="0" ind2="4"><marc:subfield code="a">The Illustrated ABC, or the Child's first step to learning.</marc:subfield></marc:datafield><marc:datafield tag="260" ind1=" " ind2=" "><marc:subfield code="a">Sudbury :</marc:subfield><marc:subfield code="b">H. M. Ives,</marc:subfield><marc:subfield code="c">[1840?]</marc:subfield></marc:datafield><marc:datafield tag="300" ind1=" " ind2=" "><marc:subfield code="c">12º.</marc:subfield></marc:datafield><marc:datafield tag="852" ind1="4" ind2="1"><marc:subfield code="a">British Library</marc:subfield><marc:subfield code="b">HMNTS</marc:subfield><marc:subfield code="j">12835.b.39.</marc:subfield></marc:datafield></marc:record>