
<marc:record><marc:leader>00360cam a22001333  4500</marc:leader>
<marc:controlfield tag="001">000001393</marc:controlfield>
<marc:controlfield tag="003">Uk</marc:controlfield><marc:controlfield tag="005">20080730084900.0</marc:controlfield><marc:controlfield tag="008">870813|1889|||||||    ||    |||| ||eng  </marc:controlfield><marc:datafield tag="040" ind1=" " ind2=" "><marc:subfield code="a">Uk</marc:subfield><marc:subfield code="c">Uk</marc:subfield></marc:datafield><marc:datafield tag="245" ind1="0" ind2="4"><marc:subfield code="a">The A B C Guide to Self Help.</marc:subfield></marc:datafield><marc:datafield tag="260" ind1=" " ind2=" "><marc:subfield code="a">Birmingham :</marc:subfield><marc:subfield code="b">J. G. Hammond &amp; Co.,</marc:subfield><marc:subfield code="c">[1889]</marc:subfield></marc:datafield><marc:datafield tag="300" ind1=" " ind2=" "><marc:subfield code="a">16 p. ;</marc:subfield><marc:subfield code="c">8º.</marc:subfield></marc:datafield><marc:datafield tag="852" ind1="4" ind2="1"><marc:subfield code="a">British Library</marc:subfield><marc:subfield code="b">HMNTS</marc:subfield><marc:subfield code="j">D-7942.g.23.(4.)</marc:subfield></marc:datafield></marc:record>