
<marc:record><marc:leader>00599cam a22001453  4500</marc:leader>
<marc:controlfield tag="001">000001397</marc:controlfield>
<marc:controlfield tag="003">Uk</marc:controlfield><marc:controlfield tag="005">20080730085029.0</marc:controlfield><marc:controlfield tag="008">870813|1886|||||||    ||    |||| |||||  </marc:controlfield><marc:datafield tag="040" ind1=" " ind2=" "><marc:subfield code="a">Uk</marc:subfield><marc:subfield code="c">Uk</marc:subfield></marc:datafield><marc:datafield tag="245" ind1="0" ind2="0"><marc:subfield code="a">A B C Omnibus Guide from anywhere to everywhere. By authority of the London General Omnibus Company.</marc:subfield></marc:datafield><marc:datafield tag="260" ind1=" " ind2=" "><marc:subfield code="a">London :</marc:subfield><marc:subfield code="b">H. Vickers,</marc:subfield><marc:subfield code="c">1886.</marc:subfield></marc:datafield><marc:datafield tag="300" ind1=" " ind2=" "><marc:subfield code="a">48 p. ;</marc:subfield><marc:subfield code="c">12º.</marc:subfield></marc:datafield><marc:datafield tag="775" ind1="0" ind2=" "><marc:subfield code="t">[A B C Omnibus Guide from anywhere to everywhere. By authority of the London General Omnibus Company.]</marc:subfield><marc:subfield code="d">pp. 70. H. Vickers: London, 1888. 16º.</marc:subfield><marc:subfield code="w">(Uk)MP1.0000001371.1</marc:subfield></marc:datafield><marc:datafield tag="852" ind1="4" ind2="1"><marc:subfield code="a">British Library</marc:subfield><marc:subfield code="b">HMNTS</marc:subfield><marc:subfield code="j">10348.aa.9.(1.)</marc:subfield></marc:datafield></marc:record>