
<marc:record><marc:leader>00733cam a22001693  4500</marc:leader>
<marc:controlfield tag="001">000001414</marc:controlfield>
<marc:controlfield tag="003">Uk</marc:controlfield><marc:controlfield tag="005">20120120152500.0</marc:controlfield><marc:controlfield tag="008">870813|1846|||||||    ||     ||| |||||  </marc:controlfield><marc:datafield tag="040" ind1=" " ind2=" "><marc:subfield code="a">Uk</marc:subfield><marc:subfield code="c">Uk</marc:subfield></marc:datafield><marc:datafield tag="100" ind1="1" ind2=" "><marc:subfield code="a">A. DE LA M.,, G.,</marc:subfield><marc:subfield code="c">Jeneral.</marc:subfield></marc:datafield><marc:datafield tag="245" ind1="1" ind2="0"><marc:subfield code="a">Orijen de los males y desgracias de las Repúblicas del Plata. Documentos curiosos para la história, publicados por el Jeneral G. A. de la M. [i.e. Gregorio Araoz de Lamadrid]. (Del “Comercio del Plata”.).</marc:subfield></marc:datafield><marc:datafield tag="260" ind1=" " ind2=" "><marc:subfield code="a">Montevideo :</marc:subfield><marc:subfield code="b">Imprenta del Comercio del Plata,</marc:subfield><marc:subfield code="c">[1846]</marc:subfield></marc:datafield><marc:datafield tag="300" ind1=" " ind2=" "><marc:subfield code="a">16 p. ;</marc:subfield><marc:subfield code="c">8º.</marc:subfield></marc:datafield><marc:datafield tag="700" ind1="1" ind2=" "><marc:subfield code="a">ARÁOZ DE LAMADRID, Gregorio.</marc:subfield></marc:datafield><marc:datafield tag="852" ind1="4" ind2="1"><marc:subfield code="a">British Library</marc:subfield><marc:subfield code="b">HMNTS</marc:subfield><marc:subfield code="j">Cup.405.b.62.</marc:subfield></marc:datafield><marc:datafield tag="886" ind1="2" ind2=" "><marc:subfield code="2">blmarc</marc:subfield><marc:subfield code="a">709</marc:subfield><marc:subfield code="b">00</marc:subfield><marc:subfield code="a">ARÁOZ DE LAMADRID</marc:subfield><marc:subfield code="h">Gregorio</marc:subfield><marc:subfield code="p">Cup.405.b.62.</marc:subfield><marc:subfield code="x">010156015X</marc:subfield></marc:datafield></marc:record>