
<marc:record><marc:leader>00692cam a22001933  4500</marc:leader>
<marc:controlfield tag="001">000001419</marc:controlfield>
<marc:controlfield tag="003">Uk</marc:controlfield><marc:controlfield tag="005">20080623112542.0</marc:controlfield><marc:controlfield tag="008">870813|1887|||||||    ||    |||| |||||  </marc:controlfield><marc:datafield tag="040" ind1=" " ind2=" "><marc:subfield code="a">Uk</marc:subfield><marc:subfield code="c">Uk</marc:subfield></marc:datafield><marc:datafield tag="245" ind1="1" ind2="0"><marc:subfield code="a">Etimologías euskéricas. 1. [By] A. eta G. 'taŕ S. [i.e. Sabino de Arana y Goiri.]</marc:subfield></marc:datafield><marc:datafield tag="260" ind1=" " ind2=" "><marc:subfield code="a">[Bilbao,</marc:subfield><marc:subfield code="c">1887]</marc:subfield></marc:datafield><marc:datafield tag="300" ind1=" " ind2=" "><marc:subfield code="a">20 p. ;</marc:subfield><marc:subfield code="c">8º.</marc:subfield></marc:datafield><marc:datafield tag="700" ind1="1" ind2=" "><marc:subfield code="a">Arana Goiri, Sabino de,</marc:subfield><marc:subfield code="d">1865-1903.</marc:subfield></marc:datafield><marc:datafield tag="720" ind1=" " ind2=" "><marc:subfield code="a">A. eta G. 'Tarr S.</marc:subfield><marc:subfield code="e">main entry</marc:subfield></marc:datafield><marc:datafield tag="720" ind1=" " ind2=" "><marc:subfield code="a">BASQUE ETYMOLOGIES</marc:subfield></marc:datafield><marc:datafield tag="852" ind1="4" ind2="1"><marc:subfield code="a">British Library</marc:subfield><marc:subfield code="b">HMNTS</marc:subfield><marc:subfield code="j">012902.h.8.(2.)</marc:subfield></marc:datafield><marc:datafield tag="886" ind1="2" ind2=" "><marc:subfield code="2">blmarc</marc:subfield><marc:subfield code="a">709</marc:subfield><marc:subfield code="b">00</marc:subfield><marc:subfield code="a">ARANA Y GOIRI</marc:subfield><marc:subfield code="h">Sabino de</marc:subfield><marc:subfield code="p">012902.h.8.(2.)</marc:subfield><marc:subfield code="x">0101420021</marc:subfield></marc:datafield><marc:datafield tag="886" ind1="2" ind2=" "><marc:subfield code="2">blmarc</marc:subfield><marc:subfield code="a">709</marc:subfield><marc:subfield code="b">00</marc:subfield><marc:subfield code="a">BASQUE ETYMOLOGIES</marc:subfield><marc:subfield code="p">012902.h.8.(2.)</marc:subfield><marc:subfield code="x">0204450292</marc:subfield></marc:datafield></marc:record>