
<marc:record><marc:leader>00848cam a22001933  4500</marc:leader>
<marc:controlfield tag="001">000001480</marc:controlfield>
<marc:controlfield tag="003">Uk</marc:controlfield><marc:controlfield tag="005">20120420175200.0</marc:controlfield><marc:controlfield tag="008">870813|1891|||||||    ||     ||| |||||  </marc:controlfield><marc:datafield tag="040" ind1=" " ind2=" "><marc:subfield code="a">Uk</marc:subfield><marc:subfield code="c">Uk</marc:subfield></marc:datafield><marc:datafield tag="100" ind1="1" ind2=" "><marc:subfield code="a">A. y C., J.</marc:subfield></marc:datafield><marc:datafield tag="245" ind1="1" ind2="0"><marc:subfield code="a">Los Descendientes de Miguel de Cervantes Saavedra: apuntes genealógicos. Colección de artículos publicados en El Nacional por J. A. y C. [i.e. José Algara y Cervantes.]</marc:subfield></marc:datafield><marc:datafield tag="260" ind1=" " ind2=" "><marc:subfield code="a">México,</marc:subfield><marc:subfield code="c">1891.</marc:subfield></marc:datafield><marc:datafield tag="300" ind1=" " ind2=" "><marc:subfield code="a">61 p. ;</marc:subfield><marc:subfield code="c">8º.</marc:subfield></marc:datafield><marc:datafield tag="700" ind1="1" ind2=" "><marc:subfield code="a">ALGARA Y CERVANTES, José.</marc:subfield></marc:datafield><marc:datafield tag="700" ind1="1" ind2=" "><marc:subfield code="a">Cervantes Saavedra, Miguel de,</marc:subfield><marc:subfield code="d">1547-1616.</marc:subfield><marc:subfield code="t">Appendix. Biography and Criticism.</marc:subfield></marc:datafield><marc:datafield tag="852" ind1="4" ind2="1"><marc:subfield code="a">British Library</marc:subfield><marc:subfield code="b">HMNTS</marc:subfield><marc:subfield code="j">9906.b.17.</marc:subfield></marc:datafield><marc:datafield tag="886" ind1="2" ind2=" "><marc:subfield code="2">blmarc</marc:subfield><marc:subfield code="a">709</marc:subfield><marc:subfield code="b">00</marc:subfield><marc:subfield code="a">ALGARA Y CERVANTES</marc:subfield><marc:subfield code="h">José</marc:subfield><marc:subfield code="p">9906.b.17.</marc:subfield><marc:subfield code="x">0052490009</marc:subfield></marc:datafield><marc:datafield tag="886" ind1="2" ind2=" "><marc:subfield code="2">blmarc</marc:subfield><marc:subfield code="a">709</marc:subfield><marc:subfield code="b">00</marc:subfield><marc:subfield code="a">CERVANTES SAAVEDRA</marc:subfield><marc:subfield code="h">Miguel de</marc:subfield><marc:subfield code="t">Appendix</marc:subfield><marc:subfield code="t">Biography and Criticism</marc:subfield><marc:subfield code="p">9906.b.17.</marc:subfield><marc:subfield code="x">057340027X</marc:subfield></marc:datafield></marc:record>