
<marc:record><marc:leader>00569cam a22001573  4500</marc:leader>
<marc:controlfield tag="001">000001485</marc:controlfield>
<marc:controlfield tag="003">Uk</marc:controlfield><marc:controlfield tag="005">20110602080300.0</marc:controlfield><marc:controlfield tag="008">870813|1847|||||||    ||     ||| |||||  </marc:controlfield><marc:datafield tag="040" ind1=" " ind2=" "><marc:subfield code="a">Uk</marc:subfield><marc:subfield code="c">Uk</marc:subfield></marc:datafield><marc:datafield tag="100" ind1="1" ind2=" "><marc:subfield code="a">Aa, A. J. van der,</marc:subfield><marc:subfield code="d">1792-1857.</marc:subfield></marc:datafield><marc:datafield tag="245" ind1="1" ind2="0"><marc:subfield code="a">Beschrijving van den Krimpenrewaard en den Lopikerwaard. Met een kaartje.</marc:subfield></marc:datafield><marc:datafield tag="260" ind1=" " ind2=" "><marc:subfield code="a">Schoonhoven,</marc:subfield><marc:subfield code="c">1847.</marc:subfield></marc:datafield><marc:datafield tag="300" ind1=" " ind2=" "><marc:subfield code="a">83 p. ;</marc:subfield><marc:subfield code="c">8º.</marc:subfield></marc:datafield><marc:datafield tag="775" ind1="0" ind2=" "><marc:subfield code="t">[Beschrijving van den Krimpenrewaard en den Lopikerwaard. Met een kaartje.]</marc:subfield><marc:subfield code="d">pp. 83. Schoonhoven, 1847. 8º.</marc:subfield><marc:subfield code="w">(Uk)MP1.0000001686.1</marc:subfield></marc:datafield><marc:datafield tag="852" ind1="4" ind2="1"><marc:subfield code="a">British Library</marc:subfield><marc:subfield code="b">HMNTS</marc:subfield><marc:subfield code="j">8776.c.16.</marc:subfield></marc:datafield></marc:record>