
<marc:record><marc:leader>01338cam a22002653  4500</marc:leader>
<marc:controlfield tag="001">000001487</marc:controlfield>
<marc:controlfield tag="003">Uk</marc:controlfield><marc:controlfield tag="005">20120209153600.0</marc:controlfield><marc:controlfield tag="008">951201|1852|||||||    ||     ||| |||||  </marc:controlfield><marc:datafield tag="040" ind1=" " ind2=" "><marc:subfield code="a">Uk</marc:subfield><marc:subfield code="c">Uk</marc:subfield></marc:datafield><marc:datafield tag="100" ind1="1" ind2=" "><marc:subfield code="a">Aa, A. J. van der,</marc:subfield><marc:subfield code="d">1792-1857.</marc:subfield></marc:datafield><marc:datafield tag="245" ind1="1" ind2="0"><marc:subfield code="a">Biographisch Woordenboek der Nederlanden, bevattende levensbeschrijvingen van zoodanige personen, die zich op eenigerlei wijze in ons vaderland hebben vermaard gemaakt. Onder medewerking van Mr. C. M. A. Simon van der Aa, Prof. P. O. van der Chijs, W. Eekhoff, etc. (Voortgezet door K. J. R. van Harderwijk en Dr. G. D. J. Schotel.).</marc:subfield></marc:datafield><marc:datafield tag="260" ind1=" " ind2=" "><marc:subfield code="a">Haarlem,</marc:subfield><marc:subfield code="c">1852-78.</marc:subfield></marc:datafield><marc:datafield tag="300" ind1=" " ind2=" "><marc:subfield code="a">21 dl. ;</marc:subfield><marc:subfield code="c">8º.</marc:subfield></marc:datafield><marc:datafield tag="700" ind1="1" ind2=" "><marc:subfield code="a">AA, Charles Ménard Adelaide Simon van der.</marc:subfield></marc:datafield><marc:datafield tag="700" ind1="1" ind2=" "><marc:subfield code="a">CHIJS, Peter Otto van der.</marc:subfield></marc:datafield><marc:datafield tag="700" ind1="1" ind2=" "><marc:subfield code="a">Eekhoff, W.</marc:subfield><marc:subfield code="q">(Wopke),</marc:subfield><marc:subfield code="d">1809-1880.</marc:subfield></marc:datafield><marc:datafield tag="700" ind1="1" ind2=" "><marc:subfield code="a">HARDERWIJK, K. J. R. van.</marc:subfield></marc:datafield><marc:datafield tag="700" ind1="1" ind2=" "><marc:subfield code="a">SCHOTEL, Gilles Denijs Jacob.</marc:subfield></marc:datafield><marc:datafield tag="852" ind1="4" ind2="1"><marc:subfield code="a">British Library</marc:subfield><marc:subfield code="b">HMNTS</marc:subfield><marc:subfield code="j">010760.k.1.</marc:subfield></marc:datafield><marc:datafield tag="852" ind1="4" ind2="1"><marc:subfield code="a">British Library</marc:subfield><marc:subfield code="b">HMNTS</marc:subfield><marc:subfield code="j">010761.ee.15.</marc:subfield><marc:subfield code="3">[Another copy.]</marc:subfield></marc:datafield><marc:datafield tag="886" ind1="2" ind2=" "><marc:subfield code="2">blmarc</marc:subfield><marc:subfield code="a">709</marc:subfield><marc:subfield code="b">00</marc:subfield><marc:subfield code="a">AA</marc:subfield><marc:subfield code="h">Charles Ménard Adelaide Simon van der</marc:subfield><marc:subfield code="p">010760.k.1.</marc:subfield><marc:subfield code="x">0010730273</marc:subfield></marc:datafield><marc:datafield tag="886" ind1="2" ind2=" "><marc:subfield code="2">blmarc</marc:subfield><marc:subfield code="a">709</marc:subfield><marc:subfield code="b">00</marc:subfield><marc:subfield code="a">CHIJS</marc:subfield><marc:subfield code="h">Peter Otto van der</marc:subfield><marc:subfield code="p">010760.k.1.</marc:subfield><marc:subfield code="x">0605190097</marc:subfield></marc:datafield><marc:datafield tag="886" ind1="2" ind2=" "><marc:subfield code="2">blmarc</marc:subfield><marc:subfield code="a">709</marc:subfield><marc:subfield code="b">00</marc:subfield><marc:subfield code="a">EEKHOFF</marc:subfield><marc:subfield code="h">Wopke</marc:subfield><marc:subfield code="p">010760.k.1.</marc:subfield><marc:subfield code="x">0922340064</marc:subfield></marc:datafield><marc:datafield tag="886" ind1="2" ind2=" "><marc:subfield code="2">blmarc</marc:subfield><marc:subfield code="a">709</marc:subfield><marc:subfield code="b">00</marc:subfield><marc:subfield code="a">HARDERWIJK</marc:subfield><marc:subfield code="h">K. J. R. van</marc:subfield><marc:subfield code="p">010760.k.1.</marc:subfield><marc:subfield code="x">1394300190</marc:subfield></marc:datafield></marc:record>