
<marc:record><marc:leader>00519cam a22001453  4500</marc:leader>
<marc:controlfield tag="001">000001490</marc:controlfield>
<marc:controlfield tag="003">Uk</marc:controlfield><marc:controlfield tag="005">20120511180400.0</marc:controlfield><marc:controlfield tag="008">870813|1840|||||||    ||     ||| |||||  </marc:controlfield><marc:datafield tag="040" ind1=" " ind2=" "><marc:subfield code="a">Uk</marc:subfield><marc:subfield code="c">Uk</marc:subfield></marc:datafield><marc:datafield tag="100" ind1="1" ind2=" "><marc:subfield code="a">Aa, A. J. van der,</marc:subfield><marc:subfield code="d">1792-1857.</marc:subfield></marc:datafield><marc:datafield tag="245" ind1="1" ind2="0"><marc:subfield code="a">Handbuch der holländischen Umgangssprache. Zamenspraken in de Neder- en Hoogduitsche Talen, voorafgegaan van eene verzameling der meest gebruikelijke woorden.</marc:subfield></marc:datafield><marc:datafield tag="260" ind1=" " ind2=" "><marc:subfield code="a">Köln ;</marc:subfield><marc:subfield code="a">Aachen,</marc:subfield><marc:subfield code="c">1840.</marc:subfield></marc:datafield><marc:datafield tag="300" ind1=" " ind2=" "><marc:subfield code="a">vi, 72 p. ;</marc:subfield><marc:subfield code="c">8º.</marc:subfield></marc:datafield><marc:datafield tag="852" ind1="4" ind2="1"><marc:subfield code="a">British Library</marc:subfield><marc:subfield code="b">HMNTS</marc:subfield><marc:subfield code="j">12972.aa.1.</marc:subfield></marc:datafield></marc:record>