
<marc:record><marc:leader>00995cam a22001813  4500</marc:leader>
<marc:controlfield tag="001">000001493</marc:controlfield>
<marc:controlfield tag="003">Uk</marc:controlfield><marc:controlfield tag="005">20120209153600.0</marc:controlfield><marc:controlfield tag="008">870813|1844|||||||    ||     ||| |||||  </marc:controlfield><marc:datafield tag="040" ind1=" " ind2=" "><marc:subfield code="a">Uk</marc:subfield><marc:subfield code="c">Uk</marc:subfield></marc:datafield><marc:datafield tag="100" ind1="1" ind2=" "><marc:subfield code="a">Aa, A. J. van der,</marc:subfield><marc:subfield code="d">1792-1857.</marc:subfield></marc:datafield><marc:datafield tag="245" ind1="1" ind2="0"><marc:subfield code="a">Nieuw Biographisch, Anthologisch en Critisch Woordenboek van Nederlandsche Dichters, bijeengebragt door A. J. van der Aa en eenige andere vaderlandsche letterkundigen, kunnende dienen als aanhangsel op P. G. Witsen Geysbeeks Woordenboek der Nederlandsche Dichters.</marc:subfield></marc:datafield><marc:datafield tag="260" ind1=" " ind2=" "><marc:subfield code="a">Amsterdam,</marc:subfield><marc:subfield code="c">1844-46.</marc:subfield></marc:datafield><marc:datafield tag="300" ind1=" " ind2=" "><marc:subfield code="a">3 dl. ;</marc:subfield><marc:subfield code="c">8º.</marc:subfield></marc:datafield><marc:datafield tag="700" ind1="1" ind2=" "><marc:subfield code="a">GEYSBEEK, Pieter Gerardus Witsen.</marc:subfield><marc:subfield code="t">Biographisch, anthologisch en critisch Woordenboek der Nederduitsche Dichters, etc.</marc:subfield></marc:datafield><marc:datafield tag="852" ind1="4" ind2="1"><marc:subfield code="a">British Library</marc:subfield><marc:subfield code="b">HMNTS</marc:subfield><marc:subfield code="j">010760.k.1.</marc:subfield></marc:datafield><marc:datafield tag="852" ind1="4" ind2="1"><marc:subfield code="a">British Library</marc:subfield><marc:subfield code="b">HMNTS</marc:subfield><marc:subfield code="j">10759.g.14.</marc:subfield><marc:subfield code="3">[Another copy.]</marc:subfield></marc:datafield><marc:datafield tag="886" ind1="2" ind2=" "><marc:subfield code="2">blmarc</marc:subfield><marc:subfield code="a">709</marc:subfield><marc:subfield code="b">00</marc:subfield><marc:subfield code="a">GEYSBEEK</marc:subfield><marc:subfield code="h">Pieter Gerardus Witsen</marc:subfield><marc:subfield code="t">Biographisch, anthologisch en critisch Woordenboek der Nederduitsche Dichters, etc.</marc:subfield><marc:subfield code="p">010760.k.1.</marc:subfield><marc:subfield code="x">1240440081</marc:subfield></marc:datafield></marc:record>