
<marc:record><marc:leader>00412cam a22001453  4500</marc:leader>
<marc:controlfield tag="001">000001494</marc:controlfield>
<marc:controlfield tag="003">Uk</marc:controlfield><marc:controlfield tag="005">20110602080300.0</marc:controlfield><marc:controlfield tag="008">870813|1855|||||||    ||     ||| |||||  </marc:controlfield><marc:datafield tag="040" ind1=" " ind2=" "><marc:subfield code="a">Uk</marc:subfield><marc:subfield code="c">Uk</marc:subfield></marc:datafield><marc:datafield tag="100" ind1="1" ind2=" "><marc:subfield code="a">Aa, A. J. van der,</marc:subfield><marc:subfield code="d">1792-1857.</marc:subfield></marc:datafield><marc:datafield tag="245" ind1="1" ind2="0"><marc:subfield code="a">Ons Vaderland en zijne Bewoners ... Met ... platen, etc.</marc:subfield></marc:datafield><marc:datafield tag="260" ind1=" " ind2=" "><marc:subfield code="a">Amsterdam,</marc:subfield><marc:subfield code="c">1855-57.</marc:subfield></marc:datafield><marc:datafield tag="300" ind1=" " ind2=" "><marc:subfield code="a">xiv. 344 p. ;</marc:subfield><marc:subfield code="c">8º.</marc:subfield></marc:datafield><marc:datafield tag="852" ind1="4" ind2="1"><marc:subfield code="a">British Library</marc:subfield><marc:subfield code="b">HMNTS</marc:subfield><marc:subfield code="j">10270.f.5.</marc:subfield></marc:datafield></marc:record>