
<marc:record><marc:leader>00723cam a22001453  4500</marc:leader>
<marc:controlfield tag="001">000001500</marc:controlfield>
<marc:controlfield tag="003">Uk</marc:controlfield><marc:controlfield tag="005">20110119132000.0</marc:controlfield><marc:controlfield tag="008">950228|1838|||||||    ||     ||| |||||  </marc:controlfield><marc:datafield tag="040" ind1=" " ind2=" "><marc:subfield code="a">Uk</marc:subfield><marc:subfield code="c">Uk</marc:subfield></marc:datafield><marc:datafield tag="100" ind1="1" ind2=" "><marc:subfield code="a">AA, Christianus Petrus Eliza Robidé van der.</marc:subfield></marc:datafield><marc:datafield tag="245" ind1="1" ind2="0"><marc:subfield code="a">Catalogus van boekwerken en vlugschriften, betreffende de woelingen in het zuidelijk gedeelte van het Koningrijk der Nederlanden, den daarop gevolgden opstand, de vestiging van het Koningrijk België, den Tiendaagschen Veldtogt ... bijeengebracht door Mr. C. P. E. Robidé van der Aa.</marc:subfield></marc:datafield><marc:datafield tag="580" ind1=" " ind2=" "><marc:subfield code="a">In: De Vriend des Vaderlands. dl. 12, 13. 1838, 1839. 8º.</marc:subfield></marc:datafield><marc:datafield tag="852" ind1="4" ind2="1"><marc:subfield code="a">British Library</marc:subfield><marc:subfield code="b">HMNTS</marc:subfield><marc:subfield code="j">Ac.2241.[dl.12.]</marc:subfield></marc:datafield><marc:datafield tag="852" ind1="4" ind2="1"><marc:subfield code="a">British Library</marc:subfield><marc:subfield code="b">HMNTS</marc:subfield><marc:subfield code="j">Ac.2241.[dl.13.]</marc:subfield></marc:datafield></marc:record>