
<marc:record><marc:leader>00509cam a22001333  4500</marc:leader>
<marc:controlfield tag="001">000001524</marc:controlfield>
<marc:controlfield tag="003">Uk</marc:controlfield><marc:controlfield tag="005">20110119132000.0</marc:controlfield><marc:controlfield tag="008">870813|1856|||||||    ||     ||| |||||  </marc:controlfield><marc:datafield tag="040" ind1=" " ind2=" "><marc:subfield code="a">Uk</marc:subfield><marc:subfield code="c">Uk</marc:subfield></marc:datafield><marc:datafield tag="100" ind1="1" ind2=" "><marc:subfield code="a">AABEL, Peter Pavels.</marc:subfield></marc:datafield><marc:datafield tag="245" ind1="1" ind2="0"><marc:subfield code="a">Jesus Christus hengav sig for os, at vi skulle hengive os til ham. Det christelige Troesliv som et aandeligt Frugttræ.</marc:subfield></marc:datafield><marc:datafield tag="580" ind1=" " ind2=" "><marc:subfield code="a">In : Christensen (T. A.) and Eekhoff (E. F.) Prædikener til hver Søn- og Festdag, etc. 1856. 8º.</marc:subfield></marc:datafield><marc:datafield tag="852" ind1="4" ind2="1"><marc:subfield code="a">British Library</marc:subfield><marc:subfield code="b">HMNTS</marc:subfield><marc:subfield code="j">4428.bb.10.</marc:subfield></marc:datafield></marc:record>