
<marc:record><marc:leader>00647cam a22001573  4500</marc:leader>
<marc:controlfield tag="001">000001826</marc:controlfield>
<marc:controlfield tag="003">Uk</marc:controlfield><marc:controlfield tag="005">20111222151700.0</marc:controlfield><marc:controlfield tag="008">870813|1867|||||||    ||    |||| |||||  </marc:controlfield><marc:datafield tag="040" ind1=" " ind2=" "><marc:subfield code="a">Uk</marc:subfield><marc:subfield code="c">Uk</marc:subfield></marc:datafield><marc:datafield tag="245" ind1="1" ind2="0"><marc:subfield code="a">[Aaltje de volmaakte ... Keukenmeid. Nieuw Nederlandsch keukenboek ... Dertiende ... vermeerderde druk.]</marc:subfield></marc:datafield><marc:datafield tag="260" ind1=" " ind2=" "><marc:subfield code="a">Leiden,</marc:subfield><marc:subfield code="c">[1867]</marc:subfield></marc:datafield><marc:datafield tag="300" ind1=" " ind2=" "><marc:subfield code="a">360 p. ;</marc:subfield><marc:subfield code="c">8º.</marc:subfield></marc:datafield><marc:datafield tag="720" ind1=" " ind2=" "><marc:subfield code="a">AALTJE</marc:subfield><marc:subfield code="e">main entry</marc:subfield></marc:datafield><marc:datafield tag="787" ind1="0" ind2=" "><marc:subfield code="t">Aaltje de volmaakte ... Keukenmeid. Nieuw Nederlandsch keukenboek ... Dertiende ... vermeerderde druk.</marc:subfield><marc:subfield code="d">pp. 363. Leiden, [1862.] 12º.</marc:subfield><marc:subfield code="w">(Uk)MP1.0000002054</marc:subfield></marc:datafield><marc:datafield tag="852" ind1="4" ind2="1"><marc:subfield code="a">British Library</marc:subfield><marc:subfield code="b">HMNTS</marc:subfield><marc:subfield code="j">D-7953.bbb.3.</marc:subfield><marc:subfield code="3">Veertiende ... vermeerderde druk.</marc:subfield></marc:datafield></marc:record>