
<marc:record><marc:leader>00912cam a22001933  4500</marc:leader>
<marc:controlfield tag="001">000001905</marc:controlfield>
<marc:controlfield tag="003">Uk</marc:controlfield><marc:controlfield tag="005">20110119132000.0</marc:controlfield><marc:controlfield tag="008">870813|1888|||||||    ||     ||| |||||  </marc:controlfield><marc:datafield tag="040" ind1=" " ind2=" "><marc:subfield code="a">Uk</marc:subfield><marc:subfield code="c">Uk</marc:subfield></marc:datafield><marc:datafield tag="100" ind1="1" ind2=" "><marc:subfield code="a">AAR, Ermanno,</marc:subfield><marc:subfield code="c">pseud. [i.e. Luigi Giuseppe Oronzo Mariano Raffaele Francesco Fortunato Felice de Simone.]</marc:subfield></marc:datafield><marc:datafield tag="245" ind1="1" ind2="0"><marc:subfield code="a">Gli Studi storici in terra d'Otranto ... Frammenti estratti in gran parte dall' Archivio Storico Italiano ... a cura e spese di L(uigi) G(iuseppe) D(e) S(imone).</marc:subfield></marc:datafield><marc:datafield tag="260" ind1=" " ind2=" "><marc:subfield code="a">Firenze,</marc:subfield><marc:subfield code="c">1888.</marc:subfield></marc:datafield><marc:datafield tag="300" ind1=" " ind2=" "><marc:subfield code="a">366 p. ;</marc:subfield><marc:subfield code="c">8º.</marc:subfield></marc:datafield><marc:datafield tag="700" ind1="1" ind2=" "><marc:subfield code="a">S., L. G. D.</marc:subfield></marc:datafield><marc:datafield tag="700" ind1="1" ind2=" "><marc:subfield code="a">SIMONE, Luigi Giuseppe Oronzo Mariano Raffaele Francesco Fortunato Felice de.</marc:subfield></marc:datafield><marc:datafield tag="852" ind1="4" ind2="1"><marc:subfield code="a">British Library</marc:subfield><marc:subfield code="b">HMNTS</marc:subfield><marc:subfield code="j">10136.g.22.</marc:subfield></marc:datafield><marc:datafield tag="886" ind1="2" ind2=" "><marc:subfield code="2">blmarc</marc:subfield><marc:subfield code="a">709</marc:subfield><marc:subfield code="b">00</marc:subfield><marc:subfield code="a">S.</marc:subfield><marc:subfield code="h">L. G. D.</marc:subfield><marc:subfield code="p">10136.g.22.</marc:subfield><marc:subfield code="x">2863360132</marc:subfield></marc:datafield><marc:datafield tag="886" ind1="2" ind2=" "><marc:subfield code="2">blmarc</marc:subfield><marc:subfield code="a">709</marc:subfield><marc:subfield code="b">00</marc:subfield><marc:subfield code="a">SIMONE</marc:subfield><marc:subfield code="h">Luigi Giuseppe Oronzo Mariano Raffaele Francesco Fortunato Felice de</marc:subfield><marc:subfield code="p">10136.g.22.</marc:subfield><marc:subfield code="x">3031010272</marc:subfield></marc:datafield></marc:record>