
<marc:record><marc:leader>00492cam a22001453  4500</marc:leader>
<marc:controlfield tag="001">000001940</marc:controlfield>
<marc:controlfield tag="003">Uk</marc:controlfield><marc:controlfield tag="005">20120504173500.0</marc:controlfield><marc:controlfield tag="008">870813|1841|||||||    ||     ||| |||||  </marc:controlfield><marc:datafield tag="040" ind1=" " ind2=" "><marc:subfield code="a">Uk</marc:subfield><marc:subfield code="c">Uk</marc:subfield></marc:datafield><marc:datafield tag="100" ind1="1" ind2=" "><marc:subfield code="a">AARDWEGH, Jacobus Joannes Antonius van den.</marc:subfield></marc:datafield><marc:datafield tag="245" ind1="1" ind2="0"><marc:subfield code="a">Specimen oeconomico-politicum inaugurale de Legibus Frumentariis, in primis respectu agriculturae consideratis, etc. F.P.</marc:subfield></marc:datafield><marc:datafield tag="260" ind1=" " ind2=" "><marc:subfield code="a">Lugduni-Batavorum,</marc:subfield><marc:subfield code="c">1841.</marc:subfield></marc:datafield><marc:datafield tag="300" ind1=" " ind2=" "><marc:subfield code="a">110 p. ;</marc:subfield><marc:subfield code="c">8º.</marc:subfield></marc:datafield><marc:datafield tag="852" ind1="4" ind2="1"><marc:subfield code="a">British Library</marc:subfield><marc:subfield code="b">HMNTS</marc:subfield><marc:subfield code="j">D-6025.cc.1.</marc:subfield></marc:datafield></marc:record>