
<marc:record><marc:leader>00705cam a22001573  4500</marc:leader>
<marc:controlfield tag="001">000001958</marc:controlfield>
<marc:controlfield tag="003">Uk</marc:controlfield><marc:controlfield tag="005">20120224170000.0</marc:controlfield><marc:controlfield tag="008">870813|1841|||||||    ||    o||| |||||  </marc:controlfield><marc:datafield tag="040" ind1=" " ind2=" "><marc:subfield code="a">Uk</marc:subfield><marc:subfield code="c">Uk</marc:subfield></marc:datafield><marc:datafield tag="110" ind1="1" ind2=" "><marc:subfield code="a">AARGAU.</marc:subfield><marc:subfield code="b">Kleiner Rath.</marc:subfield></marc:datafield><marc:datafield tag="240" ind1="1" ind2="0"><marc:subfield code="a">Die Aufhebung der aargauischen Klöster. Eine Denkschrift an die hoben Eidgenössischen Stände.</marc:subfield></marc:datafield><marc:datafield tag="245" ind1="1" ind2="0"><marc:subfield code="a">Die aargauischen Klöster und ihre Ankläger. Eine Denkschrift, etc. [A reply, signed by the heads of monasteries and convents in the Canton of Aargau, to “Die Aufhebung der aargauischen Klöster” issued by the Kleiner Rath of Aargau.]</marc:subfield></marc:datafield><marc:datafield tag="260" ind1=" " ind2=" "><marc:subfield code="a">Schaffhausen,</marc:subfield><marc:subfield code="c">1841.</marc:subfield></marc:datafield><marc:datafield tag="300" ind1=" " ind2=" "><marc:subfield code="a">154, xli p. ;</marc:subfield><marc:subfield code="c">8º.</marc:subfield></marc:datafield><marc:datafield tag="852" ind1="4" ind2="1"><marc:subfield code="a">British Library</marc:subfield><marc:subfield code="b">HMNTS</marc:subfield><marc:subfield code="j">3901.h.4.</marc:subfield></marc:datafield></marc:record>