
<marc:record><marc:leader>00739cam a22001573  4500</marc:leader>
<marc:controlfield tag="001">000002152</marc:controlfield>
<marc:controlfield tag="003">Uk</marc:controlfield><marc:controlfield tag="005">20110119132000.0</marc:controlfield><marc:controlfield tag="008">870813|1881|||||||    ||    |||| |||||  </marc:controlfield><marc:datafield tag="040" ind1=" " ind2=" "><marc:subfield code="a">Uk</marc:subfield><marc:subfield code="c">Uk</marc:subfield></marc:datafield><marc:datafield tag="245" ind1="1" ind2="0"><marc:subfield code="a">[Relacion de Aharon Levi [concerning a tribe of Jewish descent said to have been discovered by him in South America], etc.]</marc:subfield></marc:datafield><marc:datafield tag="250" ind1=" " ind2=" "><marc:subfield code="a">[Another edition.]</marc:subfield></marc:datafield><marc:datafield tag="580" ind1=" " ind2=" "><marc:subfield code="a">In : Manasseh Ben Joseph Ben Israel. Orígen de los Americanos, etc. 1881. 8º.</marc:subfield></marc:datafield><marc:datafield tag="720" ind1=" " ind2=" "><marc:subfield code="a">AARON, the Levite, formerly Antonio de Montezinos</marc:subfield><marc:subfield code="e">main entry</marc:subfield></marc:datafield><marc:datafield tag="787" ind1="0" ind2=" "><marc:subfield code="t">Relacion de Aharon Levi [concerning a tribe of Jewish descent said to have been discovered by him in South America], etc.</marc:subfield><marc:subfield code="d">pp. 126.</marc:subfield><marc:subfield code="w">(Uk)MP1.0000002400</marc:subfield></marc:datafield><marc:datafield tag="852" ind1="4" ind2="1"><marc:subfield code="a">British Library</marc:subfield><marc:subfield code="b">HMNTS</marc:subfield><marc:subfield code="j">4516.aaa.20.</marc:subfield></marc:datafield></marc:record>