
<marc:record><marc:leader>00844cam a22002177a 4500</marc:leader>
<marc:controlfield tag="001">000002158</marc:controlfield>
<marc:controlfield tag="003">Uk</marc:controlfield><marc:controlfield tag="005">20070108121234.0</marc:controlfield><marc:controlfield tag="008">870813s1878    un            00| 1|yid  </marc:controlfield><marc:datafield tag="040" ind1=" " ind2=" "><marc:subfield code="a">Uk</marc:subfield><marc:subfield code="c">Uk</marc:subfield><marc:subfield code="d">Uk</marc:subfield></marc:datafield><marc:datafield tag="245" ind1="0" ind2="3"><marc:subfield code="6">880-01</marc:subfield><marc:subfield code="a">Di tsṿeyṭe reyze beshreybung fun R. Aharon ha-Leṿi durkh der anderer zayṭ fun dem Sambatyen.</marc:subfield></marc:datafield><marc:datafield tag="260" ind1=" " ind2=" "><marc:subfield code="a">Lemberg :</marc:subfield><marc:subfield code="b">J. M. Nik,</marc:subfield><marc:subfield code="c">1878.</marc:subfield></marc:datafield><marc:datafield tag="300" ind1=" " ind2=" "><marc:subfield code="a">16 p. ;</marc:subfield><marc:subfield code="c">17 cm.</marc:subfield></marc:datafield><marc:datafield tag="500" ind1=" " ind2=" "><marc:subfield code="a">On t.p.: Mahse.</marc:subfield></marc:datafield><marc:datafield tag="650" ind1=" " ind2="0"><marc:subfield code="a">Lost tribes of Israel.</marc:subfield></marc:datafield><marc:datafield tag="650" ind1=" " ind2="0"><marc:subfield code="a">Short stories, Yiddish.</marc:subfield></marc:datafield><marc:datafield tag="650" ind1=" " ind2="0"><marc:subfield code="a">Yiddish fiction.</marc:subfield></marc:datafield><marc:datafield tag="700" ind1="0" ind2=" "><marc:subfield code="6">880-02</marc:subfield><marc:subfield code="a">Aharon,</marc:subfield><marc:subfield code="c">ha-Leṿi.</marc:subfield></marc:datafield><marc:datafield tag="852" ind1="4" ind2="1"><marc:subfield code="a">British Library</marc:subfield><marc:subfield code="b">OC</marc:subfield><marc:subfield code="j">1938.b.59.(2.)</marc:subfield></marc:datafield><marc:datafield tag="880" ind1="0" ind2="3"><marc:subfield code="6">245-01/(2/r</marc:subfield><marc:subfield code="a">די צווייטע רייזע בעשרייבונג פון ר' אהרן הלוי דורך דער אנדערער זייט פון דעם סמבטיון.</marc:subfield></marc:datafield><marc:datafield tag="880" ind1="0" ind2=" "><marc:subfield code="6">700-02/(2/r</marc:subfield><marc:subfield code="a">אהרן,</marc:subfield><marc:subfield code="c">הלוי.</marc:subfield></marc:datafield></marc:record>