
<marc:record><marc:leader>00885cam a22002177a 4500</marc:leader>
<marc:controlfield tag="001">000002162</marc:controlfield>
<marc:controlfield tag="003">Uk</marc:controlfield><marc:controlfield tag="005">20110713164932.0</marc:controlfield><marc:controlfield tag="008">870813s1824    gw            00| 0|lat  </marc:controlfield><marc:datafield tag="040" ind1=" " ind2=" "><marc:subfield code="a">Uk</marc:subfield><marc:subfield code="c">Uk</marc:subfield></marc:datafield><marc:datafield tag="041" ind1="0" ind2=" "><marc:subfield code="a">heb</marc:subfield><marc:subfield code="a">lat</marc:subfield></marc:datafield><marc:datafield tag="100" ind1="0" ind2=" "><marc:subfield code="a">Aaron ben Elijah,</marc:subfield><marc:subfield code="d">1328?-1369.</marc:subfield></marc:datafield><marc:datafield tag="245" ind1="1" ind2="0"><marc:subfield code="a">[Keter torah] =</marc:subfield><marc:subfield code="b">Libri coronae legis : id est, commentarii in Pentateuchum Karaitici ab Aharone Ben Elihu conscripti aliquod particulas ex binis codicibus MSS altero Jenensi altero Lugdunensi primus edidit, Latine vertit atque illustravit Joannes Godofredus Ludovicus Kosegarten.</marc:subfield></marc:datafield><marc:datafield tag="260" ind1=" " ind2=" "><marc:subfield code="a">Jenae :</marc:subfield><marc:subfield code="b">Augusti Schmidii,</marc:subfield><marc:subfield code="c">1824.</marc:subfield></marc:datafield><marc:datafield tag="300" ind1=" " ind2=" "><marc:subfield code="a">114, [2] p. ;</marc:subfield><marc:subfield code="c">28 cm.</marc:subfield></marc:datafield><marc:datafield tag="500" ind1=" " ind2=" "><marc:subfield code="a">Few ms. notes.</marc:subfield></marc:datafield><marc:datafield tag="630" ind1="0" ind2="0"><marc:subfield code="a">Bible.</marc:subfield><marc:subfield code="p">Pentateuch</marc:subfield><marc:subfield code="v">Commentaries.</marc:subfield></marc:datafield><marc:datafield tag="650" ind1=" " ind2="0"><marc:subfield code="a">Karaitic literature.</marc:subfield></marc:datafield><marc:datafield tag="700" ind1="1" ind2=" "><marc:subfield code="a">Kosegarten, Johann Gottfried Ludwig,</marc:subfield><marc:subfield code="d">1792-1860.</marc:subfield></marc:datafield><marc:datafield tag="752" ind1=" " ind2=" "><marc:subfield code="a">Germany</marc:subfield><marc:subfield code="d">Jena</marc:subfield></marc:datafield><marc:datafield tag="852" ind1="4" ind2="1"><marc:subfield code="a">British Library</marc:subfield><marc:subfield code="b">OC</marc:subfield><marc:subfield code="j">ORB30/6460</marc:subfield></marc:datafield></marc:record>