
<marc:record><marc:leader>00594cam a22001577a 4500</marc:leader>
<marc:controlfield tag="001">000002165</marc:controlfield>
<marc:controlfield tag="003">Uk</marc:controlfield><marc:controlfield tag="005">20070102121153.0</marc:controlfield><marc:controlfield tag="008">870813s1842    au            00| ||ger  </marc:controlfield><marc:datafield tag="040" ind1=" " ind2=" "><marc:subfield code="a">Uk</marc:subfield><marc:subfield code="c">Uk</marc:subfield></marc:datafield><marc:datafield tag="245" ind1="0" ind2="0"><marc:subfield code="a">Vorrede zu einem jüdischdeutschen Andachtsbuche vom Jahre 1709 (“Liebliche Tefilla, oder kräftige Arznei für גוף und נשמה”).</marc:subfield></marc:datafield><marc:datafield tag="260" ind1=" " ind2=" "><marc:subfield code="a">Wien,</marc:subfield><marc:subfield code="c">1842.</marc:subfield></marc:datafield><marc:datafield tag="580" ind1=" " ind2=" "><marc:subfield code="a">In : Ephemerides. Kalender und Jahrbuch für Israeliten, etc. Jahrg. 5. 1842, etc. 12º.</marc:subfield></marc:datafield><marc:datafield tag="650" ind1=" " ind2="4"><marc:subfield code="a">Devotional literature, Jewish.</marc:subfield></marc:datafield><marc:datafield tag="700" ind1="0" ind2=" "><marc:subfield code="a">Aaron ben Samuel.</marc:subfield></marc:datafield><marc:datafield tag="852" ind1="4" ind2="1"><marc:subfield code="a">British Library</marc:subfield><marc:subfield code="b">HMNTS</marc:subfield><marc:subfield code="j">P.P.2377.g.</marc:subfield></marc:datafield></marc:record>