
<marc:record><marc:leader>00506cam a22001453  4500</marc:leader>
<marc:controlfield tag="001">000002405</marc:controlfield>
<marc:controlfield tag="003">Uk</marc:controlfield><marc:controlfield tag="005">20130709170300.0</marc:controlfield><marc:controlfield tag="008">870813|1870||||enk    ||    |||| |||||  </marc:controlfield><marc:datafield tag="040" ind1=" " ind2=" "><marc:subfield code="a">Uk</marc:subfield><marc:subfield code="c">Uk</marc:subfield></marc:datafield><marc:datafield tag="245" ind1="1" ind2="0"><marc:subfield code="a">Ab-o'-th-Yate at the Isle of Man. From his own goosequill. Re-printed from “Ben Brierley's Journal.”.</marc:subfield></marc:datafield><marc:datafield tag="260" ind1=" " ind2=" "><marc:subfield code="a">Manchester :</marc:subfield><marc:subfield code="b">John Heywood,</marc:subfield><marc:subfield code="c">[1870]</marc:subfield></marc:datafield><marc:datafield tag="300" ind1=" " ind2=" "><marc:subfield code="a">39 p. ;</marc:subfield><marc:subfield code="c">8º.</marc:subfield></marc:datafield><marc:datafield tag="720" ind1=" " ind2=" "><marc:subfield code="a">AB, o' th'-Yate, pseud. [i.e. Benjamin Brierley.]</marc:subfield><marc:subfield code="e">main entry</marc:subfield></marc:datafield><marc:datafield tag="852" ind1="4" ind2="1"><marc:subfield code="a">British Library</marc:subfield><marc:subfield code="b">HMNTS</marc:subfield><marc:subfield code="j">12314.f.21.(3.)</marc:subfield></marc:datafield></marc:record>