
<marc:record><marc:leader>00857cam a22001693  4500</marc:leader>
<marc:controlfield tag="001">000002420</marc:controlfield>
<marc:controlfield tag="003">Uk</marc:controlfield><marc:controlfield tag="005">20110119132000.0</marc:controlfield><marc:controlfield tag="008">040317|1875|||||||    ||    |||| |||||  </marc:controlfield><marc:datafield tag="040" ind1=" " ind2=" "><marc:subfield code="a">Uk</marc:subfield><marc:subfield code="c">Uk</marc:subfield></marc:datafield><marc:datafield tag="245" ind1="1" ind2="0"><marc:subfield code="a">Abrum o' flup's quortin an weddin at Smobridge, written bi Ab hissel.</marc:subfield></marc:datafield><marc:datafield tag="260" ind1=" " ind2=" "><marc:subfield code="a">Manchester: John Heywood; London: F. Pitman, [1875?].</marc:subfield></marc:datafield><marc:datafield tag="300" ind1=" " ind2=" "><marc:subfield code="a">[1], 15p. 18 cm.</marc:subfield></marc:datafield><marc:datafield tag="500" ind1=" " ind2=" "><marc:subfield code="a">Text begins after the titlepage verso on p. [2]. Titlepage mutilated, affecting its price statement, and advertisement on verso. MS. ownership inscription: John Syndale.</marc:subfield></marc:datafield><marc:datafield tag="720" ind1=" " ind2=" "><marc:subfield code="a">AB, o' th'-Yate, pseud. [i.e. Benjamin Brierley.]</marc:subfield><marc:subfield code="e">main entry</marc:subfield></marc:datafield><marc:datafield tag="775" ind1="0" ind2=" "><marc:subfield code="t">[Abrum o' flup's quortin an weddin at Smobridge, written bi Ab hissel.]</marc:subfield><marc:subfield code="d">[Manchester:] John Heywood, Manchester, etc., [1895.] 16p. 18 cm.</marc:subfield><marc:subfield code="w">(Uk)MP1.0000002682.1</marc:subfield></marc:datafield><marc:datafield tag="852" ind1="4" ind2="1"><marc:subfield code="a">British Library</marc:subfield><marc:subfield code="b">HMNTS</marc:subfield><marc:subfield code="j">RB.23.a.26545.(1.)</marc:subfield></marc:datafield></marc:record>