
<marc:record><marc:leader>00846cam a22001813  4500</marc:leader>
<marc:controlfield tag="001">000002421</marc:controlfield>
<marc:controlfield tag="003">Uk</marc:controlfield><marc:controlfield tag="005">20110119132000.0</marc:controlfield><marc:controlfield tag="008">040317|1895|||||||    ||    |||| |||||  </marc:controlfield><marc:datafield tag="040" ind1=" " ind2=" "><marc:subfield code="a">Uk</marc:subfield><marc:subfield code="c">Uk</marc:subfield></marc:datafield><marc:datafield tag="245" ind1="1" ind2="0"><marc:subfield code="a">[Abrum o' flup's quortin an weddin at Smobridge, written bi Ab hissel.]</marc:subfield></marc:datafield><marc:datafield tag="250" ind1=" " ind2=" "><marc:subfield code="a">[Another edition.] Abrum o' flup's quortin' an' weddin' at Smobridge, written by Ab hissel.</marc:subfield></marc:datafield><marc:datafield tag="260" ind1=" " ind2=" "><marc:subfield code="a">] John Heywood, Manchester, etc. :</marc:subfield><marc:subfield code="b">[Manchester,</marc:subfield><marc:subfield code="c">[1895.].</marc:subfield></marc:datafield><marc:datafield tag="300" ind1=" " ind2=" "><marc:subfield code="a">16p. 18 cm.</marc:subfield></marc:datafield><marc:datafield tag="490" ind1="0" ind2=" "><marc:subfield code="a">[John Heywood's New Series of Plays, etc. no. 36.]</marc:subfield></marc:datafield><marc:datafield tag="720" ind1=" " ind2=" "><marc:subfield code="a">AB, o' th'-Yate, pseud. [i.e. Benjamin Brierley.]</marc:subfield><marc:subfield code="e">main entry</marc:subfield></marc:datafield><marc:datafield tag="787" ind1="0" ind2=" "><marc:subfield code="t">Abrum o' flup's quortin an weddin at Smobridge, written bi Ab hissel.</marc:subfield><marc:subfield code="d">Manchester: John Heywood; London: F. Pitman, [1875?]. [1], 15p. 18 cm.</marc:subfield><marc:subfield code="w">(Uk)MP1.0000002682</marc:subfield></marc:datafield><marc:datafield tag="852" ind1="4" ind2="1"><marc:subfield code="a">British Library</marc:subfield><marc:subfield code="b">HMNTS</marc:subfield><marc:subfield code="j">11779.cc.58/36.</marc:subfield></marc:datafield></marc:record>